4459 5167
540 349 590 404 126
850 351 1014 419 Augustiuor
1031 350 1281 406 Einsiedlerlrloster
1297 351 1527 421 Hlmmelpl'orten.

615 499 761 564 Clemens
789 498 974 582 episcopus,
1006 519 1114 565 servus
1140 520 1300 564 servornm
1330 501 1398 581 dei,
1425 501 1542 567 dilecto
1567 501 1633 565 lilio
1655 552 1661 563 .
1684 554 1691 569 .
1718 504 1840 571 decano

536 587 670 653 ecclesie
691 593 800 651 sancte
820 587 921 653 llario
943 590 974 651 in
996 588 1180 668 Herfordia,
1199 589 1455 671 llaguntinensis
1475 590 1628 671 diocesis,
1657 594 1790 658 salutem
1812 599 1844 655 et

535 677 743 761 apostolicam
769 676 1032 742 benedictionem.
1087 677 1258 759 Conquesti
1291 686 1364 741 sunt
1390 678 1483 742 nobis
1504 732 1510 743 .
1531 727 1538 743 .
1561 681 1648 763 prior
1672 689 1705 746 et
1727 682 1842 747 fratres

533 766 645 830 domus
672 763 793 829 ordinis
818 766 1040 830 heremitarum
1068 769 1170 831 sancti
1191 768 1361 848 Augustini
1386 766 1427 832 de
1451 766 1547 831 Porta
1567 768 1652 843 Celi,
1679 769 1843 834 Albersta-

535 854 643 919 densis
665 854 816 932 diocesin,
838 854 922 935 quod
943 856 1100 920 lohannes
1121 854 1245 939 dapifer
1265 854 1305 919 de
1328 852 1558 935 Almelsleret!)
1580 865 1613 921 et
1632 857 1791 923 Iohannes
1812 864 1845 921 et

535 942 821 1007 Corradus1dioti
843 943 883 1007 de
906 944 1109 1009 Romessleve
1130 946 1247 1009 milites
1274 953 1306 1009 et
1327 944 1475 1009 Albertus
1500 945 1603 1011 dictus
1624 946 1843 1018 Mitteulnden,

534 1033 637 1097 laicus
667 1032 752 1096 dicte
778 1031 932 1110 diocesis,
961 1034 1129 1098 associatis
1160 1034 1222 1097 sibi
1249 1032 1438 1114 quibusdam
1470 1053 1577 1098 eorum
1602 1035 1635 1099 in
1666 1035 1727 1099 hac
1751 1044 1843 1118 parte

535 1120 742 1204 complicibus
763 1140 825 1186 non
846 1122 915 1187 sine
936 1142 1085 1187 manuum
1106 1123 1277 1187 iniectione
1297 1122 1329 1186 iu
1349 1122 1587 1204 Degenardum,
1611 1126 1740 1187 fratrem
1761 1124 1845 1187 eius

534 1209 605 1272 dem
619 1208 738 1282 domus,
762 1207 839 1273 dicti
858 1211 988 1290 ordinis,
1009 1212 1062 1275 dei
1084 1230 1191 1275 amore
1210 1213 1386 1295 postposito
1407 1220 1524 1277 temere
1534 1213 1716 1289 violentatl)
1736 1214 1841 1294 ipsum

534 1299 662 1362 fratrem
692 1297 917 1380 Degenardum
949 1320 1029 1365 ausu
1055 1301 1211 1381 sacrilego
1243 1320 1357 1384 capere
1384 1300 1484 1365 etad
1509 1309 1646 1366 castrum
1680 1303 1720 1367 de
1746 1302 1842 1365 Hein-

532 1385 701 1467 ritsigrode
733 1406 839 1451 secum
874 1386 1032 1453 adducere
1066 1408 1104 1453 ao
1131 1408 1203 1453 cum
1234 1389 1424 1469 quibusdam
1455 1390 1561 1471 equis,
1589 1390 1706 1472 pannis
1738 1390 1842 1454 laneis

537 1482 569 1539 et
589 1474 682 1539 rebus
704 1476 779 1539 aliis
799 1476 841 1541 ad
870 1477 987 1541 dictam
1014 1478 1140 1541 domum
1167 1478 1384 1560 spectantibus
1409 1478 1547 1560 spoliare
1572 1480 1675 1542 eciam
1703 1498 1842 1561 presum-

533 1570 665 1648 pserunt
685 1566 717 1627 in
740 1566 879 1649 ipsorum
900 1568 1016 1650 prioris
1037 1574 1069 1631 et
1097 1568 1227 1631 fratrum
1250 1567 1459 1649 preiudicium
1482 1576 1514 1632 ct
1536 1585 1719 1649 gravamen.
1761 1566 1840 1629 Cum

534 1661 640 1719 autem
667 1652 746 1718 dioti
766 1655 853 1737 prior
879 1665 911 1720 et
936 1658 1062 1736 lintres,
1091 1656 1173 1719 sicut
1195 1664 1355 1734 asserunt,
1382 1656 1536 1720 dictorum
1556 1656 1692 1719 militum
1711 1662 1745 1718 et
1765 1655 1841 1718 laici

533 1742 707 1827 potentiam
728 1742 840 1806 merito
860 1742 1134 1826 perhorrescentes
1154 1760 1209 1805 eos
1229 1742 1312 1806 infra
1332 1742 1494 1807 civitatem
1515 1750 1547 1808 et
1571 1742 1712 1807 diocesin
1730 1740 1842 1805 Alber·

534 1832 715 1897 stadensem
741 1839 901 1912 nequeant
928 1833 1095 1895 convenire
1126 1850 1250 1910 secure,
1281 1830 1466 1895 discretioni
1495 1838 1547 1895 tue
1576 1851 1634 1917 per
1663 1832 1841 1914 apostolica

533 1922 653 2003 scripta
680 1920 881 1998 mandamus,
910 1920 1072 2002 quatiuuS,
1105 1920 1133 1983 si
1167 1920 1208 1983 de
1238 1920 1416 1985 huiusmodi
1440 1939 1589 1985 manuum
1620 1920 1790 1984 iniectioue
1808 1926 1840 1983 et

533 2010 682 2092 captione
712 2008 771 2072 tibi
800 2009 991 2088 constiterit,
1017 2008 1120 2072 dictos
1140 2008 1314 2089 sacrilegos
1335 2007 1456 2071 tamdiu
1478 2007 1695 2091 appellatione
1721 2015 1843 2072 remota

533 2098 820 2163 excommunicatos
849 2098 976 2181 publice
1000 2097 1133 2160 nuncies
1165 2104 1197 2160 et
1224 2098 1325 2160 lacius
1355 2097 1395 2160 ab
1422 2098 1568 2161 omnibus
1594 2098 1695 2161 artius
1715 2096 1842 2173 evitari,

534 2188 635 2252 donec
663 2204 758 2269 super
788 2186 851 2251 hiis
878 2186 1089 2251 satisfecerint
1110 2192 1339 2269 competenter,
1367 2191 1400 2248 et
1422 2204 1493 2249 cum
1514 2193 1637 2248 tuarum
1660 2185 1841 2249 testimonio

533 2271 706 2340 litterarum
744 2275 785 2338 ad
820 2273 929 2339 sedem
962 2275 1108 2339 venerint
1138 2272 1347 2356 apostolicam
1377 2274 1574 2337 absolvendi.
1632 2276 1734 2356 Super
1764 2274 1841 2337 aliis

533 2364 646 2428 audias
668 2382 797 2427 causam
819 2372 850 2427 et
870 2364 1084 2448 appellatione
1105 2370 1225 2427 remota
1244 2360 1353 2426 debito
1372 2361 1436 2423 line
1455 2360 1596 2443 decidas,
1616 2364 1737 2427 taciens
1752 2363 1838 2445 quod

533 2453 711 2517 decreveris
731 2471 789 2534 per
811 2470 975 2516 censuram
988 2452 1238 2515 eeclesiasticam
1253 2449 1384 2513 tirmiter
1395 2448 1564 2513 observari.
1606 2450 1719 2516 Testes
1732 2459 1838 2517 autem

533 2542 586 2624 qui
606 2542 723 2605 l'uerint
744 2540 907 2621 nominati,
928 2542 954 2604 si
980 2560 1014 2605 se
1035 2540 1146 2621 gracia
1162 2540 1237 2603 odio
1257 2540 1308 2602 vel
1329 2539 1441 2602 timore
1463 2540 1683 2619 subtraxerint,
1705 2562 1840 2607 censura

533 2631 629 2695 simili
649 2630 865 2713 appellatione
886 2636 1031 2694 cessante
1053 2628 1224 2711 compellas
1245 2628 1371 2692 veritati
1393 2629 1605 2692 testimonium
1629 2631 1805 2713 perhibere.

615 2719 731 2784 Datum
756 2719 892 2799 Vienne,
913 2718 985 2782 idus
1005 2718 1139 2801 Aprilis,
1160 2717 1365 2800 pontificatus
1384 2718 1481 2781 nostri
1502 2736 1586 2781 anno
1605 2721 1751 2799 septimo.

1504 2806 1544 2869 N.
1565 2806 1606 2870 de
1626 2808 1691 2871 Tra
1702 2808 1754 2889 (1).

620 2888 687 2953 Vua
707 2886 904 2950 ausserlralb:
923 2885 1082 2951 lohannee
1103 2884 1144 2950 de
1164 2885 1292 2969 Lupico.

610 3005 716 3059 Urecltr.
748 3003 838 3055 Wern
875 3002 957 3055 Belle
983 3001 1133 3069 superasses
1154 3000 1214 3053 arrd
1235 3000 1311 3053 atero
1332 3000 1406 3053 melu
1426 3000 1588 3055 rortuudeu.
1623 3003 1679 3057 Die
1700 3004 1838 3059 Genua

534 3095 557 3131 u.
574 3076 728 3130 Ronrslolren
747 3074 830 3127 recten
847 3089 880 3125 au
900 3072 968 3137 Aut.
987 3072 1031 3124 dea
1050 3075 1091 3124 14.
1110 3072 1206 3124 Jahru.
1243 3070 1302 3123 Ein
1323 3071 1464 3123 drauhsnos
1481 3072 1592 3125 Jouaan
1609 3090 1631 3125 r.
1650 3074 1686 3127 A
1708 3076 1838 3129 eradant

534 3165 557 3201 u.
568 3150 673 3201 1272-
684 3148 762 3208 1303,
780 3144 836 3195 sein
844 3142 1048 3210 pleiolruumiper
1062 3142 1136 3195 Solm
1152 3141 1183 3193 r'rt
1194 3140 1273 3206 jerrer
1288 3138 1388 3192 ll'r'irde
1397 3144 1465 3193 1317
1476 3141 1533 3193 anu
1542 3146 1612 3195 1339
1628 3144 1668 3196 tei
1683 3162 1707 3196 r.
1719 3145 1836 3198 Multar-

532 3216 614 3282 erede,
641 3213 811 3269 L'rnmueno.
829 3229 878 3264 rur
897 3211 1050 3265 Gescluelrte
1067 3210 1092 3264 d.
1108 3210 1209 3263 Geeclrl.
1229 3227 1251 3262 r.
1273 3210 1451 3263 Alteroslebeu.
1474 3210 1529 3279 l'pl.
1543 3210 1600 3265 dus.
1611 3212 1665 3265 Bu.
1676 3212 1718 3279 11,
1738 3214 1765 3269 S.
1776 3218 1836 3269 476.

603 3304 630 3371 1)
651 3302 686 3357 So
703 3308 735 3356 st.
754 3301 910 3355 Conrardus.

1053 3405 1303 3413 *—

534 3469 641 3550 1317.
668 3466 786 3549 littra
805 3465 866 3546 13.
1765 3467 1835 3549 44,

635 3599 707 3665 Dus
737 3596 1056 3681 struptruueukloster
1087 3594 1233 3661 Driibeck
1259 3597 1405 3679 ucrkuuft
1436 3597 1496 3660 <ten
1520 3598 1742 3680 Auptrstinem
1775 3623 1837 3666 aur

633 3697 871 3778 Himmelptortc
896 3696 1066 3777 (religiosis
1093 3696 1172 3759 viris
1193 3696 1282 3760 fratri
1304 3698 1480 3777 Augustino
1502 3697 1598 3779 priori
1619 3700 1739 3779 totique
1763 3718 1835 3762 con·

632 3796 739 3861 ventui
773 3796 903 3858 fratrum
938 3794 1159 3857 heremitarum
1194 3792 1315 3857 ordinis
1344 3794 1446 3858 sancti
1469 3796 1639 3875 Augustini
1674 3797 1706 3857 in
1739 3796 1836 3860 Porta

634 3885 716 3953 eetn
741 3885 798 3965 fiir
825 3888 865 3945 17
893 3882 992 3945 illurlr
1016 3882 1125 3943 reinero
1152 3882 1222 3944 und
1251 3885 1271 3943 3
1296 3881 1397 3944 Mario
1421 3883 1578 3961 pmreiueu
1606 3882 1721 3946 Sildcrs
1751 3885 1837 3946 scine

632 3982 790 4046 Loirrderci
826 3981 886 4043 dus
921 3978 1075 4042 Meiultolt
1110 3983 1251 4059 pendunt
1279 3978 1444 4041 anteritate
1478 3978 1728 4058 Merlrlinpcrodc
1766 3980 1835 4043 aad

639 4078 819 4144 Ullenrodel
841 4076 1050 4155 (Alunt-oue).

614 4196 697 4259 Acta
717 4199 790 4257 sunt
811 4192 870 4256 heo
891 4200 923 4257 et
943 4192 1021 4258 data
1042 4211 1126 4257 anno
1142 4190 1261 4257 domini
1276 4190 1531 4266 M⁰CCG⁰XVll⁰‚
1553 4192 1613 4255 111·
1627 4193 1698 4256 idus
1714 4192 1835 4258 llaroii.

608 4310 758 4365 Gednwl'l:
778 4308 932 4364 Drabeeker
956 4309 1171 4364 eruudertlmclt
1188 4308 1241 4361 ΝΥ.
1253 4311 1296 4375 60,
1314 4306 1393 4394 ⁸2⁵²·

603 4416 629 4487 1)
648 4414 703 4469 Die
720 4414 831 4469 Adeohr.
855 4412 998 4469 Ukmrode.

1056 4520 1308 4530 ——-—-
