4459 5167
1221 352 1313 413 Nr.
1354 354 1595 411 20—22.
1634 374 1681 412 a.
1724 355 1933 409 1268—
1953 349 2103 410 1271.
2863 346 2960 405 111

358 558 474 653 (o.
531 553 652 651 J„
708 575 856 634 um
903 553 1158 651 1270.)
2843 549 2961 628 21.

557 688 766 769 Sifre'd
820 688 957 749 und
1003 687 1333 762 Heinrich,
1395 687 1584 749 Vater
1632 686 1770 747 und
1814 685 2010 760 S'olm,
2074 684 2325 763 Grafcn
2363 702 2445 745 zu
2487 681 2962 761 Blankenburgy‚

551 785 911 847 zerwenden
961 785 1090 847 sich
1143 784 1235 847 bei
1276 784 1387 846 der
1428 784 1750 846 Aebtissin
1791 802 1906 844 rem
1945 780 2374 860 Quedlinbury
2413 782 2526 861 fiir
2567 779 2668 840 die
2707 778 2967 841 Brit-der

566 902 683 945 von
729 883 838 944 der
880 881 1369 961 Ηίηηηάῃίοιπΐε

512 998 886 1063 Honorabili
929 997 1185 1061 domine
1227 1016 1338 1061 sue
1378 996 1460 1059 M.
1479 999 1502 1040 1
1564 994 2258 1078 Quedelingeburgensi
2305 992 2626 1057 abbatisse
2651 992 2968 1056 Sifridus2

345 1086 453 1150 dei
484 1086 695 1167 gratia
729 1093 791 1149 et
824 1086 1191 1151 Heinrieus2
1232 1085 1396 1149 filius
1438 1104 1605 1166 suus,
1654 1085 1911 1148 comites
1940 1083 2019 1148 de
2051 1082 2555 1162 Blankenborch,
2597 1081 2965 1162 obsequium

348 1175 634 1239 debitum
695 1182 758 1238 et
805 1182 1115 1259 paratum.
1213 1175 1546 1239 Honestati
1602 1184 1841 1253 vestre,
1894 1174 1976 1239 de
2029 1194 2154 1256 qua
2194 1175 2352 1237 satis
2402 1170 2851 1255 presumimus,
2899 1177 2969 1233 ut

348 1263 689 1343 debemus,
733 1283 955 1347 preces
1001 1263 1355 1346 dirigimuS,
1397 1263 1831 1347 supplicantes
1873 1263 2041 1328 omni
2084 1282 2209 1343 qua
2251 1280 2582 1344 possumus
2623 1260 2971 1342 diligencia

348 1361 416 1416 et
470 1353 837 1433 affectione,
889 1353 1186 1434 quatinus
1243 1352 1620 1435 peticionem
1673 1353 1931 1414 fratrum
1989 1350 2067 1414 de
2105 1350 2295 1413 Porta
2337 1348 2472 1414 Celi
2523 1367 2711 1431 super
2767 1349 2964 1428 boniS,

348 1439 431 1502 de
472 1439 701 1520 quibus
746 1447 1047 1502 tractatus
1093 1446 1189 1503 est
1226 1439 1480 1503 habitus
1512 1460 1720 1503 coram
1762 1439 1961 1512 vobis,
2009 1438 2362 1501 admittatis
2394 1437 2740 1501 liberaliter
2774 1457 2968 1500 causa

350 1529 569 1593 nostri.
664 1528 745 1591 Et
815 1548 930 1590 nos
1002 1528 1067 1591 in
1131 1534 1476 1591 restaurum
1542 1527 1809 1591 ecclesie
1879 1534 2086 1591 vestre
2153 1526 2488 1590 dimidiam
2557 1545 2835 1589 marcam
2899 1526 2967 1588 in

350 1617 705 1682 redditibus
739 1616 975 1681 donare
1003 1618 1308 1688 volumus,
1352 1636 1492 1680 cum
1523 1618 1790 1700 primum
1829 1618 2079 1700 copiam
2110 1616 2305 1680 vestri
2342 1615 2575 1679 habere
2603 1615 2966 1698 poterimus.

346 1706 449 1770 Ad
522 1707 698 1770 cuius
763 1707 855 1771 rei
924 1707 1365 1771 certitudinem
1437 1714 1794 1789 presentem
1859 1706 2134 1769 litteram
2204 1704 2590 1785 erogandam
2655 1705 2968 1784 duximuS,

348 1797 581 1859 nostris
622 1796 854 1878 sigillis
896 1795 1239 1876 diligenter
1294 1797 1759 1860 communitam.
2158 1823 2171 1830 *

489 1911 652 1964 Nack
702 1911 796 1964 der
864 1912 1073 1965 Lrschr.
1120 1913 1218 1977 (im
1264 1911 1457 1979 kc'miql.
1495 1912 1827 1965 Saatsarch.
1873 1929 1940 1964 ειι
1984 1910 2195 1977 Maqd.)
2251 1910 2508 1978 yeclmaekt
2554 1911 2635 1963 bei
2676 1927 2720 1964 ι.
2765 1910 2961 1975 Erat-h,

345 1983 629 2117 ffildilt}
668 1983 853 2105 leedl.
893 1981 945 2035 S.
984 1986 1107 2035 247.
1181 1982 1303 2035 Das
1341 1982 1505 2050 Se'eyel
1545 1982 1699 2048 Graf
1726 1982 2018 2034 Heinrichs
2062 1983 2133 2034 ist
2178 1980 2406 2033 daselbst
2451 1982 2621 2048 αἶψά).
2670 1982 2781 2047 aus
2815 1981 2964 2047 ΊαῙεῑ

612 2068 656 2105 ο.

494 2157 549 2220 1)
586 2156 761 2211 Schon
786 2174 828 2209 ι.
853 2156 1031 2209 Erath
1069 2157 1163 2208 hat
1190 2174 1240 2209 a.
1270 2174 1319 2208 a.
1345 2155 1402 2209 Ο.
1444 2156 1689 2220 bema-kt,
1728 2154 1857 2208 dass
1892 2154 1984 2207 cler
2019 2172 2113 2207 um
2149 2154 2289 2208 dz'ese
2317 2155 2434 2207 Zeit
2470 2156 2574 2220 auf
2606 2153 2711 2206 den
2747 2153 2963 2206 Numen

346 2225 442 2279 der
459 2226 732 2279 Aebtwsin
766 2227 915 2278 nicht
944 2224 1207 2293 ymssemle
1229 2227 1763 2294 Anfa1n93buchstabe
1796 2227 1908 2291 aas
1934 2226 2101 2277 einem
2124 2224 2369 2277 Irrthum
2404 2225 2635 2277 bemhen
2670 2230 2856 2277 mii-sse.
2895 2252 2962 2262 —·

348 2297 405 2364 2)
447 2296 516 2348 In
555 2295 651 2350 der
688 2297 921 2349 Hdschr.
959 2312 1070 2348 nur
1104 2296 1190 2347 (lie
1224 2295 1798 2364 Ansanqsbuchstabm
1832 2295 1876 2348 S
1906 2295 2023 2347 mid
2061 2295 2135 2349 II.

349 2539 564 2622 1271.
619 2541 835 2621 Juni
871 2542 941 2623 1.
995 2542 1380 2625 viterbo.
1729 2586 1733 2589 ‚
2833 2539 2958 2622 22.

556 2673 895 2752 Ricardus,
941 2676 1579 2741 Kardinal-Diakon
1622 2699 1739 2742 von
1782 2677 1842 2741 S.
1869 2677 2108 2758 Anyelo
2150 2678 2557 2740 ίιαιιεειιηιίιτ
2597 2677 2732 2739 ee'ne
2770 2675 2966 2738 Bulla

554 2775 756 2851 l'apst
797 2773 1191 2837 Alexanders
1233 2774 1354 2839 IV.
1402 2795 1589 2855 {leyen
1641 2796 1723 2839 zu
1776 2774 1851 2837 N
1846 2778 2015 2854 capel
2073 2781 2178 2838 30.
2220 2775 2486 2838 Januar
2513 2777 2732 2848 1255,
2798 2774 2962 2835 mich

553 2869 804 2932 welcher
825 2870 968 2932 kee‘n
997 2874 1391 2951 Auyustiner
1411 2873 1999 2936 Einse'edlerbmdm·
2021 2873 2175 2935 ohne
2208 2874 2310 2934 dic
2345 2873 2406 2934 1
2399 2872 2728 2934 'rlauImi-ss
2765 2870 2966 2933 seines

556 2964 775 3029 Ρνιονε
814 2968 1039 3031 wieder
1080 2974 1261 3032 austr
1264 2976 1394 3033 εὑρη
1434 2970 1604 3051 darf.

508 3082 842 3149 Universis
873 3085 1105 3160 Christi
1142 3086 1433 3152 fidelibus
1469 3089 1791 3171 presentia
1815 3088 2192 3169 inspecturis
2217 3085 2526 3151 Ricardus
2553 3084 2962 3150 miseratione

346 3170 572 3234 divina
629 3174 830 3235 sancti
873 3174 1104 3254 Angeli
1148 3174 1470 3258 dyaconus
1512 3176 1857 3241 cardinalis
1900 3177 2167 3240 salutern
2214 3177 2276 3239 in
2333 3174 2604 3239 dominc.
2686 3173 2962 3237 Litteras

347 3259 554 3323 felicis
619 3259 1074 3325 recordationis
1131 3263 1481 3328 Alexandri
1546 3284 1714 3348 pape
1780 3266 1986 3346 quarti
2057 3284 2196 3328 cum
2267 3265 2440 3328 bulla
2504 3281 2658 3326 vcra
2719 3272 2783 3325 et
2855 3260 2960 3326 filo

350 3350 633 3430 integro,
686 3369 809 3413 non
855 3351 1261 3427 concellatas,
1320 3372 1440 3416 non
1487 3352 1760 3417 abolitas
1811 3373 1927 3418 nec
1971 3355 2032 3416 in
2091 3353 2307 3434 aliqua
2360 3358 2538 3434 parte
2580 3351 2838 3414 vitiatas
2880 3350 2962 3414 de

349 3437 545 3501 verbo
588 3436 671 3500 ad
715 3439 976 3503 verbum
1020 3443 1456 3523 perspeximus
1500 3449 1564 3504 et
1605 3442 1874 3523 legimus
1919 3444 1982 3505 in
2029 3441 2145 3506 hcc
2187 3442 2409 3505 verba:

628 3526 992 3591 Alexander
1014 3531 1366 3613 episcopus,
1411 3550 1632 3595 servus
1655 3550 1976 3594 servorum
2000 3530 2125 3607 dei,
2169 3530 2643 3594 venerabilibus
2665 3529 2963 3593 fratribus

550 3614 1049 3700 archiepiscopis
1102 3626 1164 3683 et
1215 3620 1533 3702 episcopis
1591 3640 1667 3684 ac
1718 3619 1966 3684 dilectis
2008 3620 2156 3683 filiis
2199 3620 2568 3697 abbatibus,
2627 3619 2962 3702 prioribus,

552 3704 841 3784 decanis,
894 3706 1413 3789 archydiaconis,
1471 3708 1837 3790 prepositis,
1882 3708 2429 3790 archipresbiteris
2472 3717 2534 3771 et
2579 3709 2725 3772 aliis
2766 3707 2963 3771 eccle-

556 3794 789 3857 siarum
865 3796 1151 3877 personis
1215 3796 1481 3860 salutem
1550 3807 1613 3860 et
1685 3797 2101 3878 apostolicam
2178 3797 2697 3861 benedictionem.
2805 3797 2961 3859 Cum

554 3882 755 3946 felicis
824 3883 1279 3949 recordationis
1345 3886 1747 3949 innocentius
1816 3906 2017 3969 papa,
2085 3884 2493 3967 predecessor
2555 3892 2794 3963 noster,
2868 3884 2960 3946 di-

554 3970 853 4033 lectorum
904 3970 1170 4035 filiorum
1224 4022 1237 4036 .
1283 4023 1297 4037 .
1344 4021 1357 4034 .
1412 3973 1640 4056 prioris
1682 3975 1999 4053 generalis
2060 3980 2123 4035 et
2185 3974 2445 4036 fratrum
2498 3974 2739 4036 ordinis
2788 3973 2960 4036 here-

554 4059 849 4122 mitarum
907 4061 1108 4123 sancti
1154 4062 1492 4141 Augustini
1543 4061 1837 4144 precibus
1882 4061 2219 4124 inclinatus
2273 4081 2387 4143 per
2427 4080 2576 4124 suas
2620 4061 2964 4125 inhibuerit

553 4146 813 4227 litteras,
848 4167 924 4211 ne
948 4148 1088 4229 quis
1112 4157 1253 4230 post
1276 4150 1725 4232 professionem
1749 4148 1955 4213 eidem
1980 4147 2184 4213 ordini
2207 4150 2443 4212 factam
2471 4149 2552 4212 ab
2577 4149 2797 4213 ordine
2821 4150 2962 4232 ipso

553 4237 690 4299 sine
731 4239 827 4300 sui
874 4238 1101 4320 prioris
1144 4238 1434 4301 discedat
1476 4238 1733 4303 licentia
1776 4244 1838 4301 ct
1868 4237 2296 4302 discedentem
2341 4239 2578 4321 absque
2622 4239 2963 4302 caritativa

549 4325 984 4390 communione
1041 4326 1386 4389 litterarum
1426 4327 1655 4409 prioris
1699 4334 1761 4388 ct
1804 4324 2062 4388 fratrum
2109 4327 2386 4408 ipsorum
2429 4328 2803 4391 auctoritate
2847 4328 2959 4391 ali-

546 4414 724 4478 cuius
777 4412 1100 4495 privilegii
1151 4433 1191 4476 a
1245 4412 1396 4478 sede
1448 4415 1802 4496 apostolica
1855 4413 2083 4478 indulti
2127 4415 2337 4478 nullus
2397 4415 2630 4479 audeat
2671 4416 2957 4488 retinere,

551 4502 946 4567 universitati
1010 4508 1216 4568 vestre
1282 4522 1398 4586 per
1465 4503 1816 4586 apostolica
1875 4503 2113 4585 scripta
2186 4504 2589 4585 mandamns,
2652 4512 2960 4586 qnatenus
