4459 5167
523 281 575 336 362
776 281 1060 338 Cistarcionserinnen-
1079 281 1295 350 (Heiliganblut-)
1315 280 1573 336 KloaterWatarlcr.

523 430 659 515 cipalem
703 433 892 496 auctoritate
930 431 1105 514 apostolica
1152 430 1333 513 specialiter
1375 429 1561 512 depumtum
1601 426 1832 514 subdeputatus

523 520 758 587 venerabilibus
785 528 817 586 et
844 520 1002 603 religiosis
1032 521 1066 586 in
1094 520 1220 587 Christo
1247 519 1372 586 devotis
1399 518 1579 598 abbatisse,
1612 519 1773 602 proposito
1798 527 1830 584 et

524 611 691 675 conventui
703 609 887 676 monasterii
904 610 938 674 in
948 609 1114 690 Waterler,
1134 608 1257 675 ordinis
1269 607 1538 688 cisterciensium,
1553 607 1833 674 Halberstadensis

524 699 670 780 diocesis,
692 701 826 766 salutem
847 700 881 764 in
902 697 1029 766 domiuo
1051 705 1083 763 et
1102 697 1407 763 nostrishuinsmodi
1422 697 1635 778 ymmoverius
1648 696 1833 782 apostolicis

523 787 654 852 firmiter
680 786 810 853 obedire
838 787 1007 852 mandatis.
1048 786 1213 869 Religicsa
1238 794 1338 851 mater
1363 792 1396 851 et
1421 785 1564 868 domina,
1591 787 1677 852 l'ama
1698 787 1833 852 sortasse

524 875 566 941 ad
592 882 714 942 vestras
739 877 884 961 pervenit
910 895 1018 957 aures,
1045 875 1183 961 perfidos
1203 875 1361 947 Turcbos.
1389 874 1555 940 christiani
1583 875 1720 941 nominis
1745 896 1834 960 spur-

524 964 668 1031 cissimos
693 965 808 1042 hostes,
840 965 984 1031 diversas
1011 967 1213 1032 excursiones
1240 966 1274 1029 in
1303 964 1468 1046 religionis
1496 964 1668 1030 christiane
1697 966 1833 1030 cultores

523 1053 637 1119 iecisse
672 1063 704 1119 et
740 1055 773 1120 in
809 1054 879 1122 dies
909 1057 1029 1138 lacere3
1063 1063 1255 1140 quapropter
1289 1055 1392 1120 felicis
1423 1052 1651 1120 recordationis
1686 1052 1832 1119 domiuus

522 1141 732 1208 innocencius
752 1162 837 1228 papa
857 1151 987 1211 octavus
1009 1164 1047 1210 ex
1069 1164 1126 1210 sue
1147 1144 1326 1210 sanctitatis
1349 1151 1381 1210 et
1406 1151 1515 1208 sancte
1536 1143 1677 1208 Romane
1698 1143 1832 1209 ecclesie

524 1233 731 1315 proventibus
752 1233 1040 1299 machinationibus
1059 1232 1230 1300 eorundem
1251 1233 1398 1298 resistere
1420 1252 1482 1297 non
1504 1251 1597 1316 posse
1616 1232 1832 1315 considerans,

523 1320 565 1387 de
585 1322 917 1388 reverendissimorum
943 1322 1139 1388 dominorum
1165 1328 1275 1388 sancte
1295 1320 1437 1387 Romane
1461 1321 1594 1387 ecclesie
1621 1319 1848 1386 cardinalium

524 1409 656 1475 oonsilio
679 1417 710 1476 et
730 1419 855 1477 matura
875 1411 1110 1478 deliberacione
1132 1431 1227 1476 unum
1248 1411 1425 1477 subsidium
1447 1411 1540 1475 unius
1561 1429 1636 1475 vere
1656 1417 1688 1475 et
1708 1411 1833 1494 integre

523 1498 647 1566 decime
680 1501 819 1566 omnium
853 1507 884 1566 et
909 1499 1103 1582 singulorum
1130 1501 1286 1565 fructuum
1316 1500 1456 1565 omnium
1483 1499 1742 1564 monasteriomm
1766 1506 1832 1564 tam

524 1589 662 1654 virorum
693 1610 787 1673 quam
816 1590 982 1655 mulierum
1009 1589 1130 1656 ordinis
1158 1589 1394 1670 cisterciensis,
1419 1588 1689 1671 incorporatorum
1712 1595 1744 1653 et
1769 1609 1832 1653 non

523 1679 808 1763 incorporatorum,
829 1697 886 1762 per
906 1678 1040 1744 abbates
1071 1683 1103 1743 et
1121 1677 1302 1743 abbatissas
1323 1675 1484 1742 eorunden
1513 1675 1755 1760 persolvendum
1777 1677 1832 1743 im-

524 1770 640 1852 posuit,
660 1768 886 1852 mandavitque
900 1787 959 1832 sua
975 1768 1194 1834 sanctissimus
1205 1768 1351 1833 dominus
1362 1771 1468 1833 noster
1482 1764 1628 1832 dominus
1638 1765 1834 1832 Allexauder

523 1876 610 1941 papa
630 1857 798 1924 modernus
818 1859 876 1924 sub
898 1857 1093 1942 privacionis
1113 1856 1285 1923 officiorum
1306 1863 1338 1921 et
1358 1856 1549 1938 dignitatum
1565 1875 1688 1921 necnon
1703 1856 1834 1922 maioris

524 1948 863 2013 excommunicacionis
884 1948 916 2011 in
940 1947 1067 2032 scriptis
1087 1947 1152 2012 lata
1173 1947 1334 2012 sentencie
1356 1945 1463 2030 penis,
1490 1951 1645 2028 quatenus
1665 1943 1708 2008 ad
1728 1964 1832 2010 meam

523 2036 765 2119 requisieionem
796 2038 915 2102 solueio
949 2037 1074 2102 decime
1111 2035 1289 2101 huiusmodi
1319 2035 1386 2101 lieri
1420 2041 1452 2100 et
1484 2033 1609 2099 decima
1643 2033 1715 2117 ipsa
1751 2033 1832 2099 inibi

524 2125 706 2208 consignari
731 2124 857 2191 debeat.
904 2125 1009 2204 Quare
1039 2124 1098 2190 sub
1127 2124 1247 2190 eisdem
1280 2131 1345 2189 tam
1377 2121 1711 2188 excommunicationis
1737 2141 1831 2204 quam

525 2215 714 2300 privationis
743 2215 835 2297 penis
860 2233 917 2279 vos
946 2233 1058 2279 moneo
1089 2221 1121 2279 et
1152 2214 1292 2296 requiro,
1320 2219 1476 2294 quatenus
1509 2210 1592 2275 infra
1622 2230 1679 2275 sex
1710 2210 1833 2275 dicrum

524 2304 666 2389 spacium
687 2310 759 2390 post
779 2303 1050 2389 presentacionem
1071 2303 1182 2368 harum
1203 2303 1378 2368 litterarum
1390 2301 1482 2366 vobis
1496 2301 1613 2364 iactam
1634 2319 1692 2384 per
1710 2308 1833 2366 vestros

524 2399 742 2478 procuratores
768 2393 936 2458 sufficienti
967 2391 1118 2458 mandato
1142 2391 1284 2462 suffultos
1315 2391 1347 2456 in
1380 2390 1510 2455 civitate
1538 2388 1771 2454 Hildesemensi
1800 2391 1832 2454 in

524 2483 613 2548 curia
636 2488 741 2549 nostre
762 2482 974 2548 habitacionis
994 2502 1099 2547 coram
1122 2483 1215 2547 nobis
1236 2500 1418 2566 comparere
1439 2488 1471 2544 et
1491 2477 1532 2543 de
1551 2478 1677 2544 decima
1694 2480 1833 2545 omnium

524 2571 703 2637 reddituum
725 2579 757 2637 et
778 2576 982 2656 proventuum
1006 2571 1103 2636 vestri
1130 2569 1313 2636 monasterii
1337 2569 1521 2634 satisfacere
1546 2566 1698 2635 debeatis.
1741 2569 1833 2648 Quod

523 2660 550 2724 si
581 2659 734 2741 feceritis,
765 2660 936 2725 humanum
967 2680 1018 2725 me
1045 2659 1137 2724 vobis
1167 2666 1199 2725 et
1225 2677 1412 2742 generosum
1438 2658 1634 2723 collectorem
1666 2658 1834 2738 exhibebo,

524 2756 555 2813 et
588 2749 619 2813 in
647 2758 791 2815 eventum
819 2749 1135 2835 noncomparacionis
1165 2755 1221 2814 aut
1251 2747 1478 2814 satisfactionis
1507 2748 1607 2830 lapsis
1632 2747 1833 2813 diebusante-

524 2836 631 2918 dictio,
663 2843 778 2903 extunc
811 2845 902 2922 prout
933 2857 1056 2903 exnunc
1087 2845 1119 2903 et
1149 2844 1278 2903 econtra
1308 2856 1365 2901 vos
1390 2835 1552 2900 dominam
1577 2836 1773 2902 abbatissam
1801 2846 1834 2902 et

526 2928 720 3012 prepositum
748 2929 889 3010 prel'atas
920 2929 1094 2993 sententias
1129 2926 1469 2993 excommunicacionis
1501 2931 1532 2989 et
1564 2925 1754 3009 privationis
1786 2926 1833 2990 in.

524 3013 640 3080 cidisse
672 3021 704 3080 et
733 3015 887 3080 incurisse
919 3021 1026 3080 tenore
1061 3015 1258 3099 presencium
1294 3013 1510 3094 declaramus,
1539 3022 1726 3080 conventum
1757 3035 1832 3079 vero

524 3105 620 3169 vestri
651 3105 833 3170 monasterii
862 3104 895 3168 iu
915 3103 1070 3169 Waterler
1096 3125 1116 3168 a
1145 3103 1264 3169 divinis
1291 3103 1522 3188 suspendimus.
1565 3104 1599 3168 Si
1626 3124 1700 3168 vero
1727 3105 1831 3168 huius-

524 3192 609 3259 modi
631 3193 972 3258 excommunicacionis
992 3199 1024 3259 et
1043 3193 1261 3277 suspensionis
1284 3192 1464 3257 sentencias
1483 3211 1539 3274 per
1560 3211 1615 3257 sex
1633 3191 1702 3256 dies
1719 3191 1833 3257 sustin·

523 3285 682 3364 nentes(l)
711 3284 842 3364 animis,
868 3282 951 3365 quod
980 3282 1079 3362 absit,
1106 3282 1275 3363 induratis,
1303 3280 1345 3346 ad
1365 3283 1514 3364 graviora
1534 3299 1619 3363 pena
1644 3289 1754 3346 contra
1775 3301 1833 3346 vos

524 3372 730 3455 procedemus
751 3371 880 3437 iusticia
899 3369 1068 3436 mediante.
1110 3371 1147 3437 In
1171 3371 1260 3436 cuius
1286 3369 1499 3435 testimonium
1526 3379 1689 3453 presentes
1710 3370 1833 3435 litteras

523 3461 740 3526 monitoriales
761 3466 792 3524 et
813 3459 846 3524 iu
868 3466 1014 3524 eventum
1036 3458 1294 3524 declaratoriales
1317 3456 1434 3524 exinde
1454 3458 1522 3522 lieri
1544 3465 1576 3523 et
1596 3479 1652 3542 per
1674 3459 1832 3523 notarium

417 3583 418 3586 ¹
523 3551 759 3635 infrascriptum
777 3548 933 3614 subscribi
956 3549 1116 3630 nostrique
1137 3548 1235 3630 sigilli
1259 3547 1466 3630 impressione
1487 3547 1619 3612 lecimus
1637 3548 1833 3614 communiri.

603 3639 721 3704 Datum
737 3638 975 3704 Hildellemensi
997 3637 1138 3702 incuria
1160 3643 1266 3702 nostre
1287 3635 1508 3710 habitacionis,
1529 3635 1586 3700 sub
1608 3657 1692 3701 anno
1712 3636 1833 3702 domini

523 3728 691 3880 millissimo
713 3727 1024 3812 quadringentesimo
1044 3727 1251 3808 nonagesimo
1274 3732 1398 3807 quarto,
1419 3725 1473 3788 die
1493 3744 1569 3790 vero
1590 3725 1694 3810 prima
1713 3725 1832 3791 mensis

523 3817 559 3880 Iu
573 3815 605 3898 ij.

600 3949 704 4006 Uraehr.
726 3951 824 4020 Pupier
840 3951 929 4005 Wern.
969 3950 1031 4005 Dua
1051 3950 1244 4020 auspedrliokte
1268 3951 1351 4019 Siepcl
1380 3951 1446 4004 ldsat
1471 3951 1510 4003 im
1532 3949 1625 4004 Schild
1651 3950 1709 4003 eine
1733 3949 1833 4002 Macer

525 4023 573 4077 mit
587 4023 662 4076 Thur
676 4021 914 4089 condonaturos
926 4022 1046 4076 Tbiirrua
1060 4021 1146 4075 rebar.
1172 4021 1332 4088 Uoracbrr'st:
1351 4019 1532 4078 achinneio
1541 4019 1782 4077 aofflndcnborch
1792 4017 1832 4076 ὢ.

526 4212 642 4295 ulau.
980 4258 984 4266 ·
1736 4209 1832 4292 aul.

625 4350 826 4430 Bernerlecup
857 4350 910 4413 des
943 4349 1120 4430 peistliclrca
1149 4347 1313 4412 Visitators
1347 4345 1478 4412 tauriacus
1504 4347 1686 4426 Erahmbot
1716 4345 1833 4409 Errasts
1909 4326 1913 4332 ⁵

627 4469 685 4514 ucri
700 4448 907 4530 Mapdcburp,
929 4447 1197 4511 Administralors
1208 4445 1263 4510 dea
1271 4444 1438 4510 Bletisama
1449 4445 1662 4523 Helberaladt,
1682 4444 1758 4509 iiber
1774 4443 1834 4507 dua
