4459 5167
519 348 570 401 232
773 345 1061 415 Cistercieuse'rirrnen·
1078 346 1300 416 (Heiligonblub)
1316 347 1574 403 llloslchaterler.

620 497 696 561 does
726 495 863 562 lacae
893 498 960 576 cof
986 495 1038 558 die
1066 495 1186 560 Kircbe
1214 516 1256 560 aa
1282 497 1346 561 Ler
1371 499 1460 561 lrer'rw
1488 496 1676 578 Ausprllclre
1705 497 1837 562 erbebert
1882 487 1885 494 ’

618 594 714 755 gg,
741 593 816 658 dass
841 593 915 657 uber
941 593 993 656 die
1020 592 1251 659 Processlrostco
1279 615 1337 660 corr
1364 596 1471 660 beiden
1495 594 1625 659 Tbellerr
1651 615 1693 660 au
1719 599 1836 676 tropat

589 807 878 873 NosWidekindus
896 807 936 873 de
952 807 1044 873 Novo
1062 815 1174 888 castro,
1196 812 1368 876 canonicus
1385 810 1492 876 mioris
1507 810 1650 892 ecclesie,
1670 809 1835 886 Tblideri-

520 900 587 975 cus)
610 906 715 964 custos
735 896 869 962 ecclesie
885 904 993 962 sancte
1004 897 1107 962 Mario
1120 899 1153 963 in
1166 899 1368 980 Halberstad,
1388 899 1544 964 lohannes
1557 899 1697 963 notarius
1707 897 1834 963 domiui

518 986 650 1053 Volradi
676 986 957 1052 Halberstadensis
984 988 1144 1072 episcopi,
1170 1009 1191 1052 a
1215 990 1376 1073 preposito
1406 997 1438 1054 et
1464 995 1618 1053 conventu
1651 989 1753 1052 sancti
1785 988 1834 1052 lo-

518 1077 634 1142 bannis
654 1097 753 1162 prope
766 1076 959 1142 Halberstad
984 1086 1017 1142 et
1036 1077 1174 1143 Henrico
1196 1079 1334 1162 plebano
1356 1079 1396 1144 de
1419 1079 1586 1144 llcirnbere
1607 1078 1717 1143 arbitri
1736 1078 1835 1143 electi

519 1187 615 1250 super
635 1186 747 1247 causa,
769 1186 830 1250 que
850 1168 933 1232 inter
952 1169 1040 1252 ipsos
1059 1175 1209 1250 quantum
1232 1168 1274 1232 ad
1296 1169 1461 1234 ecclesiam
1485 1169 1518 1233 in
1538 1168 1618 1233 Lere
1638 1168 1835 1247 vertebatur,

520 1255 629 1320 habito
649 1255 782 1321 consilio
805 1258 1044 1338 pronuntiamus
1056 1255 1226 1321 dillinitive
1239 1258 1346 1322 taliter
1358 1256 1552 1337 arbitrando,
1573 1256 1656 1338 quod
1670 1257 1836 1341 predictus

520 1345 675 1410 Heuricus
705 1345 872 1411 ecclesiam
901 1346 935 1410 in
956 1346 1036 1410 Lere
1065 1354 1173 1429 petere
1197 1366 1257 1411 non
1284 1346 1380 1412 debet
1404 1368 1462 1412 nec
1483 1347 1672 1412 contendere
1694 1348 1835 1411 retinere

517 1440 626 1500 contra
648 1435 860 1519 predictorum
881 1436 1035 1520 prepositi
1057 1441 1088 1499 et
1111 1445 1283 1501 conventus
1298 1435 1502 1518 veluntatem,
1522 1437 1710 1521 simpliciter
1723 1443 1833 1501 autem

517 1532 549 1588 et
571 1525 603 1588 in
625 1532 724 1589 totum
745 1518 786 1588 ab
806 1529 939 1607 utraque
959 1531 1050 1609 parte
1070 1525 1223 1589 factarum
1248 1527 1527 1610 conpensationem
1548 1525 1614 1591 fieri
1630 1525 1833 1590 decrevimus

516 1632 735 1696 expensarum.
777 1613 815 1677 In
839 1613 931 1677 buius
950 1614 997 1677 rei
1015 1612 1229 1678 testimouium
1251 1635 1307 1679 nos
1324 1613 1536 1680 Widekiudus
1559 1620 1590 1680 et
1610 1613 1831 1694 Thtidericus)

518 1703 652 1785 predicti
679 1702 761 1768 hano
793 1701 930 1768 litteram
958 1702 1123 1766 arbitrium
1151 1703 1363 1768 continentem
1393 1703 1508 1785 sigillis
1536 1706 1652 1769 nostris
1681 1704 1832 1768 duximus

517 1793 731 1875 sigillandum.

583 1882 695 1945 Actum
709 1882 741 1944 in
754 1881 890 1947 ecclesia
902 1881 1164 1947 Halberstadeusi
1178 1901 1262 1946 anuo
1276 1881 1395 1945 domini
1407 1881 1667 1964 Mrccrnxulr,
1687 1885 1833 1949 secunda

516 1969 598 2034 l'eria
618 1970 763 2054 proxima
781 1978 853 2055 post
873 1971 1063 2036 dominicam
1085 1990 1149 2052 qua
1169 1977 1313 2035 cantatur·
1337 1971 1451 2036 Vocem
1473 1973 1686 2038 iocunditatis,

598 2059 701 2124 Huius
722 2059 845 2124 arbitrii
871 2081 892 2125 a
918 2060 1072 2144 predictis
1097 2059 1227 2125 arbitris
1247 2071 1387 2144 tempore
1408 2069 1440 2124 et
1459 2063 1526 2127 loco
1547 2065 1690 2146 superius
1712 2083 1831 2128 memo-

518 2150 597 2214 ratis
618 2149 734 2232 prolati
756 2156 854 2215 testes
875 2157 906 2214 et
921 2169 978 2213 uos
994 2169 1094 2214 sums:
1109 2149 1439 2230 Wiekerusdeeanus,
1460 2150 1830 2219 Bartolduschletton-

518 2240 607 2320 burg,
628 2239 799 2304 canonicus
815 2238 1095 2304 Halberstadeusis
1116 2239 1259 2318 ecclesie,
1280 2239 1512 2323 propterquod
1533 2248 1564 2305 et
1586 2241 1667 2306 hanc
1688 2240 1829 2306 litteram

519 2330 637 2412 sigillis
657 2330 773 2394 uostris
794 2328 939 2394 duximus
960 2329 1174 2411 sigillandum.
1215 2328 1329 2393 Testes
1349 2348 1472 2410 quoque
1493 2349 1550 2395 nes
1570 2350 1693 2396 sumus:
1716 2333 1830 2398 llenri-

519 2439 575 2484 cus
596 2418 636 2482 de
647 2418 824 2501 Droudorp‚
845 2419 974 2483 maioris
989 2418 1123 2482 ecclesie
1135 2419 1314 2496 canonicus,
1336 2417 1504 2482 Wernerus
1519 2419 1704 2485 scolasticus
1717 2429 1830 2486 sancte

519 2507 620 2572 Mario
633 2507 833 2588 Riebbertus,
854 2508 1025 2572 canonicus
1045 2507 1174 2588 ibidem,
1196 2505 1360 2571 Conradus
1383 2505 1522 2571 decanus
1543 2508 1646 2573 suncti
1660 2510 1829 2578 Bonil'acii,

518 2601 671 2680 magister
691 2595 855 2662 Conradus
879 2596 919 2661 de
939 2595 1138 2677 Aldendorp,
1165 2595 1318 2676 magister
1339 2593 1554 2662 Theodericus
1575 2596 1615 2661 de
1638 2597 1819 2664 Northusen

519 2685 663 2753 canonici
685 2686 815 2769 ibidem,
835 2693 867 2751 et
887 2685 943 2750 alii
965 2686 1176 2769 quamplures.

592 2821 707 2890 Copae.
724 2821 770 2876 dea
787 2820 814 2876 S.
832 2819 990 2888 rou-&isa
1006 2837 1032 2872 a.
1051 2836 1076 2872 α.
1098 2818 1128 2872 0.

523 2981 634 3064 1288.
660 2979 784 3063 Rom.
1788 2990 1826 3070 8.

623 3115 768 3180 Mclvrere
791 3114 991 3197 Erabisclrdse
1021 3115 1090 3178 aad
1118 3113 1267 3194 Biscbo'fc
1295 3117 1459 3196 percelleres
1492 3120 1605 3196 clerterr,
1641 3122 1747 3186 urrlclrc
1778 3124 1829 3187 die

622 3213 653 3280 S.
677 3213 894 3279 Jaceoslrtrcte
923 3232 966 3277 au
993 3211 1146 3277 Waterler
1182 3233 1226 3275 art
1258 3213 1406 3294 perdiscere
1439 3216 1545 3298 Topcrt
1578 3218 1725 3283 besrrclrcn
1754 3221 1829 3284 odcr

620 3313 664 3472 ipra
691 3311 887 3473 chmbhgad
913 3310 1037 3375 Sterbcn
1057 3309 1213 3375 derselbeo
1239 3311 1483 3393 erwcaduopea
1502 3316 1643 3394 runcbco,
1663 3319 1694 3398 jc
1715 3318 1829 3400 vloeip

650 3429 708 3490 ope
845 3457 851 3470 .

601 3532 770 3599 Universis
791 3533 908 3598 Christi
928 3531 1084 3614 fidelibus,
1104 3531 1146 3598 ad
1170 3555 1246 3618 quos
1267 3537 1448 3620 pervenerit
1468 3535 1527 3603 bec
1543 3538 1699 3624 scriptura
1718 3541 1829 3607 Petrus

523 3623 719 3702 Stanensis1,
736 3620 925 3689 Theonistus
942 3623 975 3702 (l)
1001 3622 1371 3708 Audrenepolitanusll)‚
1396 3626 1599 3694 lobannicius
1627 3629 1828 3710 blokicensis,

522 3713 652 3778 Maurus
671 3711 875 3795 Amelicnsis,
896 3711 1066 3778 Lituardus
1086 3713 1283 3798 Nepesinus‚
1312 3715 1497 3782 Leothcrius
1514 3715 1706 3794 Verulanus,
1729 3721 1827 3786 Fran-

521 3804 626 3869 cisous
660 3801 907 3876 Teraceneusis,
948 3801 1108 3868 Romanus
1147 3803 1309 3887 Croensis,
1350 3804 1572 3871 Aldebrandus
1608 3808 1754 3874 Sutrinos
1796 3816 1827 3874 et

521 3893 676 3957 Perronus
695 3889 881 3956 Larinensis
899 3889 1133 3976 archiepiscopi
1161 3899 1192 3957 et
1214 3894 1356 3978 episcopi
1376 3893 1509 3959 salutem
1537 3895 1570 3960 in
1596 3896 1722 3962 domino
1747 3917 1827 3963 scm·

522 3982 689 4064 pitemam.
736 3979 826 4046 Licet
857 3981 886 4045 is
912 3980 952 4046 de
982 3981 1071 4046 cuius
1102 3999 1232 4047 munere
1261 3983 1362 4062 venit,
1390 3990 1425 4048 ut
1450 3983 1513 4049 sibi
1542 4004 1563 4048 a
1589 3986 1655 4052 suis
1680 3985 1827 4052 fidelibus

522 4069 619 4152 digne
647 4088 686 4134 au
712 4068 917 4135 laudabiliter
949 4071 1119 4153 serviatur,
1151 4072 1191 4136 de
1224 4072 1445 4138 habundantia
1469 4074 1599 4158 pietatis
1626 4096 1682 4142 sue
1714 4076 1828 4142 merita

522 4160 701 4243 supplicum
730 4160 888 4226 excedens
921 4168 953 4227 et
979 4168 1053 4226 vota
1079 4163 1159 4227 bene
1187 4163 1398 4228 servientibus
1424 4164 1522 4229 multo
1552 4164 1673 4230 maiora
1699 4167 1827 4245 tribuat,

523 4267 617 4329 uuam
638 4249 768 4315 valeant
787 4252 971 4334 promereri,
998 4250 1216 4318 desiderantes
1242 4259 1347 4318 tamen
1370 4253 1500 4319 reddere
1524 4253 1651 4320 domino
1677 4257 1826 4340 populum

524 4338 769 4423 acceptabilem,
798 4338 907 4404 fideles
934 4339 1052 4405 Christi
1086 4340 1129 4404 ad
1167 4341 1425 4425 complacendum
1459 4344 1488 4407 ei
1522 4345 1612 4426 quasi
1639 4346 1826 4426 quibusdam

522 4425 680 4493 allectivis
700 4428 897 4508 muneribus,
921 4428 1137 4511 indulgcneiis
1157 4429 1306 4494 videlicet
1324 4435 1356 4496 et
1377 4431 1625 4508 remissionibus
1646 4434 1828 4515 invitamur,

522 4520 557 4579 nt
577 4517 693 4586 exinde
713 4517 889 4589 reddantur
907 4516 1018 4587 divine
1031 4518 1135 4605 gratie
1149 4518 1297 4607 aptiores.
1330 4520 1500 4608 Cupientes
1515 4522 1620 4608 igitur,
1643 4529 1677 4589 ut
1693 4526 1829 4592 eeclesia
