4459 5167
1424 339 1515 397 Nr.
1555 345 1638 396 60.
1678 361 1725 397 a.
1770 341 1918 398 1347.
2882 339 2978 395 141

362 498 808 577 paupertatem
853 491 969 555 sub
1012 497 1146 555 arte
1190 491 1514 572 religionis
1550 492 1698 573 iugo
1728 493 2023 557 devotum
2061 493 2598 558 deo'incessanter
2615 490 2984 571 obsequium

363 581 713 659 exhibetis,
757 579 1019 661 dignum
1066 578 1389 659 duximuS,
1450 589 1515 643 ut
1557 602 1670 644 vos
1728 589 1791 645 et
1832 581 2117 644 ordinem
2168 591 2443 644 vestrum
2497 580 2762 664 speciali
2814 580 2986 643 sedis

360 671 714 753 apostolice
756 669 1046 733 libertate
1089 688 1165 732 ac
1207 669 1546 750 privilegio
1589 671 1959 734 muniamus.
2047 671 2214 733 Sane
2259 669 2492 753 peticio
2530 677 2742 732 vestra
2787 687 2987 752 nuper

362 759 551 823 nobis
603 758 887 823 exhibita
944 758 1358 836 [continebat‚
1415 759 1579 838 quod
1637 758 1785 822 licet
1823 758 2051 841 felicis]
2110 758 2563 822 recordationis
2618 758 2985 822 Bonifacius

361 868 539 932 papa
562 857 841 927 octavus,
886 845 1292 928 predecessor
1313 856 1542 923 noster,
1585 846 1730 910 dum
1770 849 1830 910 in
1866 848 2157 910 humanis
2198 866 2397 927 agens
2441 866 2552 910 vos
2594 854 2657 910 et
2699 847 2985 910 ordinem

362 945 641 1001 vestrum
697 956 774 999 ac
823 954 1129 1018 personas
1183 943 1246 998 et
1301 936 1638 1017 ecclesiaS,
1694 937 2001 1016 oratoria,
2054 937 2304 1014 domOS,
2366 957 2466 1001 res
2510 936 2674 1000 alias
2728 944 2791 999 et
2847 936 2987 998 loca

362 1033 581 1090 vestra
621 1045 698 1090 ac
741 1025 1100 1107 spectantia
1140 1024 1223 1087 ad
1268 1024 1509 1099 eadem,
1556 1026 1784 1105 quibus
1829 1025 2204 1089 inhabitatis
2243 1033 2390 1089 tunc
2412 1026 2516 1089 vel
2538 1026 2987 1089 inhabitaretis

365 1117 431 1178 in
479 1122 833 1198 posterum,
891 1132 1032 1176 cum
1076 1113 1367 1177 omnibus
1413 1113 1654 1177 iuribus
1694 1123 1757 1177 et
1796 1114 2205 1196 pertinenciis
2246 1114 2378 1177 suis
2420 1133 2498 1178 ac
2548 1113 2836 1196 personis
2878 1113 2988 1176 dc-

363 1203 668 1285 geutibus
724 1203 787 1265 in
854 1202 1096 1266 eisdem
1159 1202 1222 1264 in
1275 1203 1374 1265 ius
1434 1211 1498 1265 et
1561 1205 2009 1285 proprietatem
2067 1202 2239 1267 beati
2295 1203 2499 1282 Petri,
2561 1203 2986 1285 apostolorum

365 1293 715 1375 principis,
766 1309 843 1355 ac
884 1291 1057 1355 sedis
1097 1291 1442 1372 apostolice
1485 1293 1932 1373 assumpsisset
1973 1293 2208 1373 illaque
2251 1291 2330 1356 de
2372 1292 2797 1371 cuiuscunque
2837 1289 2989 1372 dyo-

366 1382 585 1446 cesani
654 1389 717 1445 et
780 1379 1116 1444 cuiuslibet
1189 1379 1450 1444 alterius
1507 1386 1843 1463 potestate,
1915 1380 2354 1446 iurisdictione
2420 1399 2497 1443 ac
2562 1379 2844 1443 dominio
2919 1379 2982 1442 in

367 1477 742 1554 perpetuum
809 1471 1148 1534 exemisset
1211 1470 1603 1550 omnimodO,
1667 1470 2015 1534 decernens
2071 1477 2331 1551 extunc,
2393 1490 2506 1534 vos
2576 1475 2639 1533 et
2702 1468 2986 1532 ordinem

367 1569 646 1625 vestrum
689 1578 765 1624 ac
806 1578 1140 1642 personas,
1201 1559 1538 1638 ecclesias,
1596 1560 1900 1638 oratoria,
1956 1559 2174 1624 domos
2216 1567 2281 1624 et
2321 1562 2461 1624 loca
2514 1557 2808 1642 [prefata]
2851 1578 2988 1641 per-

364 1651 638 1714 tinentia
679 1649 764 1713 ad
800 1649 1024 1712 eadem
1068 1648 1188 1712 soli
1226 1647 1510 1712 Romano
1554 1648 1837 1729 pontifici
1881 1655 1944 1712 et
1988 1649 2195 1712 eidem
2253 1649 2389 1713 sedi
2438 1650 2503 1711 in
2550 1647 2987 1729 spiritualibus

364 1749 431 1803 et
496 1738 949 1822 temporalibus
1008 1737 1249 1819 absque
1300 1738 1427 1802 ullo
1482 1737 1692 1801 medio
1745 1738 2106 1818 subiacere,
2164 1739 2258 1801 ita
2315 1739 2484 1819 quod
2536 1757 2657 1801 nec
2710 1738 2985 1813 locorum

363 1827 672 1891 ordinarii
714 1845 831 1890 nec
873 1825 1005 1890 alia
1045 1824 1271 1906 quevis
1315 1844 1587 1909 persona
1630 1826 2065 1890 ecclesiastica
2105 1825 2170 1889 in
2214 1846 2329 1891 vos
2370 1834 2434 1889 et
2475 1826 2788 1906 ordinem,
2848 1844 2983 1908 per-

364 1936 579 1995 sonas,
622 1915 945 1995 ecclesiaS,
977 1916 1273 1994 oratoria,
1306 1914 1524 1979 do‘mos
1548 1924 1609 1979 et
1631 1917 1772 1979 loca
1798 1915 2105 1999 predicta,
2149 1923 2366 1998 utpote
2391 1935 2646 1999 prorsus
2667 1924 2984 1999 exempta,

366 2012 630 2089 possent
706 2004 1402 2084 excommunicationis,
1485 2005 1917 2084 suspensionis
1999 2010 2108 2066 aut
2176 2003 2498 2068 interdicti
2584 2004 2984 2087 promulgare

366 2094 720 2159 sententias
762 2094 865 2157 vel
904 2094 1068 2157 alias
1114 2100 1485 2175 potestatem
1531 2113 1641 2156 seu
1688 2093 2187 2158 iurisdictionem
2229 2094 2511 2174 aliquam
2555 2113 2867 2173 exercere,
2909 2112 2985 2156 ac

365 2185 624 2248 omnino
647 2184 893 2246 irritum
936 2189 998 2245 et
1034 2184 1245 2261 inane,
1288 2183 1341 2244 si
1378 2181 1713 2263 quidforet
1751 2184 1817 2245 in
1853 2183 2233 2245 contrarium
2260 2189 2725 2265 attemptatum,
2771 2190 2984 2247 tamen

366 2276 520 2356 quia
562 2274 628 2336 in
680 2272 944 2337 indulto
973 2272 1394 2354 exemptionis
1446 2271 1807 2337 huiusmodi
1865 2291 1988 2336 non
2032 2279 2318 2350 cavetur,
2375 2271 2543 2353 quod
2586 2292 2699 2337 vos
2741 2273 2986 2336 ratione

365 2363 585 2427 delicti
628 2381 740 2425 seu
783 2366 1141 2425 contractus
1184 2368 1292 2423 aut
1345 2361 1432 2425 rei
1476 2360 1556 2424 de
1609 2379 1735 2440 qua
1778 2361 1989 2442 agitur
2030 2361 2357 2424 conveniri
2395 2361 2654 2425 minime
2698 2361 2986 2439 valeatiS,

367 2473 482 2516 vos
537 2451 865 2529 timentes,
932 2468 1123 2532 super
1179 2448 1303 2512 hiis
1361 2468 1547 2532 posse
1614 2454 1824 2513 forsan
1881 2449 1947 2511 in
2011 2455 2330 2531 posterum
2397 2451 2748 2527 molestari,
2803 2450 2987 2514 nobis

365 2539 690 2604 humiliter
728 2538 1158 2622 supplicastis,
1211 2544 1278 2601 ut
1305 2538 1637 2620 providere
1667 2537 1850 2602 vobis
1893 2557 2080 2620 super
2124 2538 2242 2601 hoc
2268 2536 2348 2601 de
2378 2546 2685 2623 oportuno
2708 2539 2985 2603 remedio

366 2631 794 2711 dignaremur.
877 2629 1011 2691 Nos
1045 2628 1268 2708 igitur,
1330 2627 1436 2709 qui
1482 2647 1595 2691 vos
1642 2634 1705 2690 et
1755 2628 2041 2691 ordinem
2083 2635 2360 2691 vestrum
2408 2629 2724 2711 spirituali
2778 2646 2986 2711 prose·

366 2720 619 2801 quimur
661 2719 725 2780 in
766 2716 1022 2782 domino
1065 2717 1363 2790 caritate,
1400 2717 1729 2799 cupientes
1772 2723 2042 2792 attente,
2101 2723 2169 2780 ut
2212 2734 2287 2779 eo
2329 2717 2412 2780 sit
2453 2717 2732 2798 quiecior
2784 2723 3010 2781 statusv

366 2815 609 2885 vester,
652 2825 774 2887 quo
811 2807 1104 2889 ampliori
1148 2806 1315 2870 dicte
1352 2805 1523 2870 sedis
1565 2806 1767 2870 dotati
1810 2806 2055 2870 fueritis
2090 2805 2415 2885 libertate,
2478 2807 2706 2871 vestris
2747 2806 2984 2889 suppli-

367 2896 741 2961 cacionibus
785 2896 1092 2977 inclinati,
1135 2896 1318 2959 vobis
1358 2903 1422 2960 et
1461 2895 1922 2960 successoribus
1948 2895 2177 2958 vestris
2219 2896 2284 2958 in
2327 2903 2694 2979 perpetuum
2724 2897 2990 2959 auctori-

367 2993 503 3051 tate
556 2985 909 3068 apostolica
971 2993 1185 3049 tenore
1236 2985 1631 3068 presencium
1687 2985 2113 3065 indulgemus,
2170 2991 2240 3046 ut
2289 2983 2649 3048 huiusmodi
2702 2983 2985 3049 eiusdem

367 3073 835 3156 predecessoris
877 3072 1123 3137 indulto
1153 3073 1220 3137 in
1246 3093 1357 3137 suo
1384 3072 1605 3138 robore
1630 3082 2038 3155 permanente
2066 3092 2277 3135 coram
2300 3073 2632 3153 quibusvis
2659 3073 2984 3138 diocesani

366 3172 431 3227 et
485 3163 762 3226 locorum
838 3162 1177 3226 ordinariis
1241 3181 1316 3225 ac
1366 3162 1512 3226 aliis
1553 3161 1873 3225 iudicibus
1924 3160 2399 3242 quibuscunque
2449 3164 2692 3226 ratione
2746 3162 2985 3244 delicti,

366 3259 729 3316 contractus
771 3270 882 3315 seu
907 3252 995 3314 rei
1039 3251 1119 3316 de
1168 3270 1293 3332 qua
1336 3252 1549 3333 agitur
1579 3252 1903 3315 conveniri
1936 3251 2039 3315 vel
2069 3250 2290 3333 impeti
2314 3251 2672 3316 nullatenus
2694 3251 2984 3327 valeatiS,

365 3342 576 3406 felicis
618 3341 1083 3406 recordacionis
1113 3340 1471 3405 Innocencii
1498 3360 1666 3423 pape
1696 3341 1921 3422 quarti,
1967 3340 2433 3421 predecessoris
2469 3342 2685 3417 nostri,
2732 3346 2796 3404 et
2837 3340 2985 3404 aliis

365 3430 931 3496 constitucionibus
1007 3430 1381 3511 apostolicis
1444 3430 1775 3494 contrariis
1830 3449 1955 3492 non
2027 3427 2427 3492 obstantibus
2494 3428 2986 3510 quibuscunque,

365 3521 782 3585 decernentes
835 3539 914 3583 ex
957 3538 1123 3582 nunc
1170 3519 1413 3581 irritum
1457 3525 1520 3582 et
1561 3519 1784 3597 inane,
1839 3519 1893 3581 si
1943 3536 2123 3581 secus
2178 3536 2367 3600 super
2407 3517 2534 3581 hiis
2587 3537 2627 3579 a
2668 3537 2982 3600 quoquam

366 3608 594 3691 quavis
638 3607 1014 3672 auctoritate
1070 3606 1342 3670 scienter
1383 3607 1487 3670 vel
1545 3607 1911 3687 ignoranter
1962 3606 2300 3687 contigerit
2343 3608 2724 3688 attemptari.
2807 3607 2982 3670 Nulli

368 3700 520 3777 ergo
577 3696 834 3760 omnino
908 3695 1226 3760 bominum
1296 3695 1487 3759 liceat
1551 3696 1716 3759 hanc
1781 3695 2087 3779 paginam
2154 3701 2366 3758 nostre
2434 3696 2858 3760 concessionis
2920 3703 2985 3760 et

367 3785 845 3849 constitucionis
886 3784 1231 3866 infringere
1272 3785 1375 3848 vel
1420 3785 1479 3849 ei
1522 3803 1677 3848 ausu
1723 3783 2053 3847 temerario
2096 3783 2426 3848 contraire.
2510 3784 2578 3847 Si
2608 3785 2751 3865 quis
2773 3792 2980 3849 autem

370 3877 487 3939 hoc
530 3880 909 3955 attemptare
950 3874 1433 3957 presumpserit,
1495 3872 2008 3954 indignacionem
2063 3873 2515 3955 omnipotentis
2566 3872 2668 3937 dei
2723 3884 2786 3937 et
2839 3873 2983 3937 bea-

370 3972 572 4027 torum
612 3962 783 4025 Petri
826 3969 890 4027 et
929 3961 1132 4042 Pauli,
1174 3963 1600 4045 apostolorum
1640 3964 1794 4039 eius,
1835 3981 1903 4025 se
1943 3961 2191 4025 noverit
2224 3961 2631 4026 incursurum.

530 4053 767 4116 Datum
807 4052 1141 4131 Avinione‚
1197 4050 1395 4113 XIIII
1438 4049 1752 4115 kalendas
1786 4051 2078 4131 Augusti,
2120 4049 2521 4133 pontificatus
2564 4050 2759 4114 nostri
2814 4069 2981 4114 anno

373 4148 570 4205 sext0.

510 4240 586 4292 In
622 4239 743 4293 dem
778 4238 1084 4292 vidimirten
1111 4239 1467 4306 Transsumpt
1501 4239 1590 4292 des
1615 4238 2013 4291 Domdechants
2048 4237 2168 4290 Joh.
2206 4255 2248 4291 v.
2288 4236 2527 4291 Redekin
2562 4252 2631 4288 zu
2655 4235 2985 4303 Maydebwry

373 4327 415 4363 v.
453 4315 537 4365 21.
578 4309 735 4364 Febr.
776 4313 926 4367 1415.
1014 4309 1124 4378 Vyl.
1161 4317 1332 4362 umen
1368 4309 1472 4362 Nr.
1511 4314 1594 4362 69.
1672 4309 1830 4362 Gedr.
1868 4309 2081 4373 Empoli
2118 4309 2304 4362 bullar.
2344 4309 2455 4361 ord.
2496 4324 2655 4361 erem.
2695 4323 2736 4360 S.
2757 4307 2984 4373 August.

369 4397 422 4445 p.
462 4384 689 4434 64-65.
763 4379 904 4433 Dort
938 4379 1009 4432 ist
1052 4379 1154 4431 das
1187 4381 1328 4432 Jalm·
1365 4383 1502 4432 1346
1542 4380 1847 4448 anyeyeben.
1920 4378 2083 4431 Clem.
2117 4378 2211 4431 Vl.
2263 4377 2444 4430 wn-rde
2485 4378 2610 4429 aber
2653 4394 2743 4429 am
2779 4380 2827 4430 7.
2866 4374 2984 4428 und

373 4455 453 4504 19.
495 4451 623 4502 Mai
663 4453 802 4503 1342
837 4450 1059 4502 erm'ihlt
1093 4449 1210 4501 und
1241 4450 1476 4518 yeweiht.
2056 4499 2059 4501 r
