4459 5167
887 360 933 413 Nr.
955 360 995 411 lo.
1018 360 1057 411 ll.
1076 376 1100 411 a
1124 358 1196 411 1222.
1218 358 1294 410 1223.
1717 352 1744 403 ll

433 507 552 573 domus
572 507 744 585 teutonice,
773 508 955 587 qaeestio
984 506 1129 590 partibus
1158 505 1392 584 transmarinis,
1419 506 1451 569 in
1482 504 1633 585 obsequio
1656 502 1747 566 lbesn

436 596 558 661 Christi
580 617 640 660 non
662 596 822 660 dormiant
842 616 900 660 nec
921 596 1105 676 dormitent,
1128 594 1183 659 sed
1207 615 1263 676 pro
1283 594 1375 659 domu
1398 593 1517 657 domini
1541 590 1691 675 intrepidi
1714 612 1747 655 sn

434 704 560 749 murum
589 691 767 767 opponant,
805 692 967 768 portantes
998 685 1030 748 in
1067 684 1137 748 eius
1168 684 1313 747 custodia
1342 680 1465 765 pondus
1495 680 1559 745 diei
1594 688 1626 745 et
1653 688 1747 759 estus,
1813 727 1817 735 .

434 782 529 838 tanto
543 774 729 857 propensius
740 774 848 855 utique
860 793 917 857 pro
930 792 1035 838 eorum
1047 773 1219 836 commodis
1232 771 1401 853 invigilare
1424 778 1573 847 tenemur,
1594 770 1640 833 ita
1651 770 1746 833 etiam

439 868 476 926 ut
496 864 524 926 si
547 881 609 944 qna
629 863 671 927 ad
693 880 800 927 eorum
823 863 939 926 tuerint
959 861 1129 945 proficuum
1152 860 1315 937 ordinata,
1344 866 1449 924 nostre
1471 858 1628 923 firmitatis
1649 856 1747 921 niuni-

436 954 525 1017 mine
545 952 651 1015 taliter
671 953 865 1023 roboremus,
895 961 930 1015 ut
951 951 1061 1015 valida
1081 952 1146 1015 siut
1168 950 1284 1014 deinde
1305 956 1337 1015 et
1359 968 1441 1012 nnnc
1467 957 1499 1013 et
1520 949 1749 1031 imperpetuum

434 1041 608 1125 protutura.
658 1041 836 1124 llaprupter
867 1040 1014 1105 noverint
1044 1040 1182 1105 universi
1212 1039 1329 1104 Christi
1358 1036 1466 1102 lideles
1495 1046 1559 1101 tam
1592 1034 1748 1119 presentis

437 1130 590 1213 temporis
613 1149 707 1211 quam
729 1130 843 1207 futuri,
868 1128 1059 1211 quod,cu1u
1081 1132 1195 1193 tratres
1217 1126 1361 1193 iamdicti
1383 1128 1530 1191 eclesiam
1553 1126 1585 1189 in
1607 1123 1748 1205 Langelc

437 1238 511 1283 cnm
533 1219 635 1283 XV⁶¹¹⁰
656 1220 777 1283 mansis
798 1218 839 1283 ad
863 1220 989 1302 plenum
1011 1238 1074 1283 non
1097 1218 1293 1282 solventibus
1315 1224 1386 1281 octo
1410 1233 1532 1279 marcas
1554 1233 1624 1277 cum
1646 1211 1746 1275 litoni-

438 1308 500 1371 bus
524 1308 758 1392 pertiuentibns
785 1307 828 1371 ad
853 1308 981 1373 eosdem
1005 1308 1088 1371 iusto
1116 1308 1207 1371 titulo
1235 1306 1434 1391 possiderent
1459 1309 1491 1367 et
1517 1304 1549 1367 in
1576 1302 1648 1391 ipsa
1672 1299 1748 1364 villa

437 1403 510 1461 octo
537 1415 665 1460 mansos
691 1396 835 1460 meliores
861 1403 894 1461 et
924 1396 1066 1461 utiliores
1088 1414 1184 1477 qnam
1208 1394 1304 1459 Xllll
1325 1412 1429 1459 marce
1457 1412 1561 1456 annuc
1588 1390 1750 1474 pensionis

436 1485 585 1549 similiter
604 1486 798 1567 optinerent,
819 1485 896 1567 quia
916 1483 1050 1567 predicti
1077 1484 1136 1547 XV
1151 1484 1254 1547 mansi
1279 1484 1327 1548 eis
1344 1490 1375 1547 et
1396 1482 1511 1546 eclesie
1533 1480 1636 1544 minus
1654 1478 1748 1543 utiles

424 1574 628 1650 exstiterint,
649 1576 753 1639 visum
772 1582 822 1638 est
842 1575 890 1638 eis
911 1580 945 1637 ut
966 1572 1174 1656 prudentibus
1195 1571 1346 1655 expedire
1368 1570 1517 1635 hincinde
1531 1568 1748 1634 concambium

437 1663 544 1727 facere
571 1674 603 1728 et
630 1665 713 1729 bona
739 1682 797 1747 pro
824 1663 916 1729 bouis
948 1662 1187 1728 racionabiliter
1214 1668 1404 1725 conmutare.
1454 1660 1626 1743 Cupientes
1653 1658 1749 1739 igitur

440 1753 500 1816 lree
520 1752 561 1815 ad
584 1752 730 1819 effectum
751 1752 938 1835 perducere,
962 1752 1005 1816 ad
1026 1758 1165 1816 nostram
1187 1752 1382 1833 fratrumque
1403 1756 1594 1828 nostrorum,
1620 1746 1748 1810 maioris

437 1841 554 1905 eclesie
575 1850 680 1906 nostre
701 1842 916 1921 dominorum,
942 1860 1105 1906 accessere
1131 1840 1329 1924 presenciam
1359 1846 1391 1903 et
1417 1845 1570 1915 nostrum,
1599 1844 1632 1899 ut
1658 1854 1748 1917 opor·

438 1930 515 2003 tuit,
553 1930 786 2013 beneplacitum
820 1938 853 1994 et
882 1948 1068 1993 consensum
1094 1928 1254 1993 humiliter
1285 1927 1496 2010 requirebant.
1549 1924 1615 1987 Nos
1642 1930 1747 1986 autern

439 2020 607 2082 internos
635 2017 854 2083 conmunicato
873 2018 1007 2084 consilio
1035 2024 1068 2081 et
1088 2024 1229 2102 reperto,
1258 2015 1343 2099 quod
1370 2016 1402 2080 in
1431 2016 1490 2079 hac
1516 2012 1749 2077 conmutatione

438 2108 556 2173 eclesie
583 2108 629 2172 nil
654 2109 783 2191 penitus
809 2104 982 2191 deperiret,
1017 2106 1172 2172 voluntati
1199 2106 1339 2188 ipsorum
1365 2105 1511 2169 duximus
1537 2100 1748 2180 annuendum,

437 2198 704 2261 conmutationem
725 2196 940 2279 approbantes
965 2198 997 2261 in
1018 2196 1147 2261 domino
1168 2204 1200 2259 et
1223 2194 1397 2278 episcopali
1429 2192 1615 2258 auctoritate
1641 2198 1750 2255 nostra

438 2286 546 2350 taliter
576 2292 766 2365 statuentes,
796 2294 830 2349 ut
859 2286 1072 2368 prenominati
1104 2292 1176 2351 octo
1206 2284 1309 2349 mansi
1342 2284 1411 2349 locu
1444 2281 1654 2365 predictorum
1687 2279 1746 2343 XV

437 2393 618 2439 mansorum
646 2374 762 2438 eclesie
789 2375 822 2436 in
843 2374 985 2457 langele
1012 2374 1193 2457 pertineant
1219 2374 1251 2437 in
1272 2374 1409 2437 loturum
1430 2379 1461 2435 et
1481 2372 1594 2435 iratres
1616 2369 1747 2433 liberam

439 2462 581 2526 babeant
599 2468 788 2546 potestatem
809 2464 849 2527 de
870 2464 933 2526 iam
954 2463 1049 2529 dictis
1070 2463 1130 2527 XV
1156 2462 1277 2527 mansis
1303 2460 1474 2525 ordinandi
1500 2467 1531 2524 et
1556 2457 1748 2542 disponendi

438 2550 590 2632 quicquid
611 2551 767 2615 voluerint
786 2558 818 2615 et
837 2550 945 2615 domni
965 2571 1021 2617 sue
1045 2550 1192 2617 noverint
1211 2550 1370 2634 expedire.
1412 2546 1462 2614 Ad
1482 2550 1541 2614 boo
1561 2548 1636 2630 quia
1662 2568 1748 2611 man·

438 2658 495 2703 sus
521 2658 600 2703 nnus
628 2639 668 2702 de
694 2639 868 2723 sepedictis
890 2640 951 2705 XV
977 2641 1099 2705 mansis
1125 2640 1252 2705 solvens
1276 2638 1429 2703 fertonem
1456 2646 1487 2703 et
1512 2638 1679 2702 dimidium
1706 2637 1747 2699 ad

437 2728 609 2792 luminaria
634 2727 750 2793 eclesie
776 2728 972 2811 pertinebat,
998 2748 1039 2793 ne
1059 2728 1177 2794 eclesia
1198 2736 1262 2793 tam
1290 2730 1469 2793 necessario
1491 2727 1669 2811 privaretur
1695 2726 1748 2791 ob-

437 2816 560 2897 sequio,
581 2836 721 2881 marcam
743 2817 909 2882 dimidiam
930 2818 972 2883 de
992 2838 1112 2899 manso,
1133 2836 1225 2900 quem
1247 2816 1439 2881 Benedictus
1461 2816 1607 2893 babebat,
1630 2815 1683 2896 qui
1702 2822 1749 2879 est

438 2906 481 2968 de
502 2923 630 2970 numero
651 2906 863 2990 predictorum
891 2916 961 2972 octo
991 2926 1180 2986 mansurum,
1208 2908 1263 2988 qni
1291 2908 1383 2971 liberi
1409 2914 1481 2971 sunt
1505 2914 1536 2971 et
1557 2926 1578 2968 a
1599 2904 1749 2969 litonibus

437 2993 586 3073 absoluti,
606 2994 649 3059 ad
660 2996 829 3059 luminaria
843 2997 1043 3080 deputarunt,
1064 2996 1128 3080 ipsi
1137 3004 1241 3061 autem
1254 2997 1407 3078 reliquum
1420 2995 1534 3080 prelati
1547 2994 1650 3057 mansi
1666 3011 1749 3057 emo·

435 3086 612 3149 lomentum
633 3084 801 3148 habebunt.
845 3086 945 3149 Huius
961 3087 1205 3151 conmutationis
1217 3092 1290 3149 suunt
1305 3093 1415 3149 testes:
1438 3083 1628 3166 Meynardus
1649 3083 1749 3147 rnaior

437 3172 629 3255 prepositus,
638 3174 795 3237 Arnoldus
805 3172 954 3255 decanus,
966 3176 1115 3239 Almarus
1125 3176 1227 3238 sancti
1237 3174 1327 3238 Pauli
1342 3174 1529 3258 prepositus,
1542 3170 1698 3234 Amoldns
1709 3169 1749 3234 de

438 3260 665 3341 Seberenbike,
676 3262 877 3327 Burebardus
893 3265 1072 3347 prepositus
1083 3263 1124 3328 de
1137 3263 1317 3345 lechebum,
1341 3262 1519 3326 Bernardus
1532 3258 1748 3323 vicedominus

436 3356 553 3423 noster,
576 3348 740 3414 Liudolfus
760 3351 801 3415 de
823 3351 962 3434 stadem,
983 3352 1132 3416 Albertus
1153 3353 1331 3436 prepositus
1355 3351 1394 3414 de
1419 3348 1559 3426 Burcslo,
1581 3348 1749 3412 'lidericus

435 3438 478 3502 de
501 3438 734 3519 Blaukenburu,
756 3447 919 3523 totumque
939 3444 1069 3507 maioris
1090 3442 1206 3507 eclesie
1229 3451 1335 3507 nostre
1356 3440 1541 3522 capitulum.

520 3529 601 3591 Acta
622 3536 695 3592 sunt
715 3528 775 3593 hcc
795 3550 879 3594 anno
902 3530 1021 3595 domini
1043 3530 1292 3607 M0000XX1110,
1315 3530 1488 3594 indictione
1510 3526 1578 3591 Xl⁸.

519 3615 561 3679 Et
580 3636 621 3681 ne
642 3618 846 3698 imposterum
869 3619 1042 3701 superbae
1062 3620 1296 3684 conmutatione
1317 3618 1447 3683 dubium
1470 3618 1598 3698 aliquod
1621 3618 1749 3693 oriatur,

438 3705 524 3769 hanc
546 3706 697 3787 pagiuam
719 3704 842 3771 duobus
863 3709 990 3789 sigillis,
1011 3714 1118 3773 nostro
1139 3728 1176 3771 ac
1192 3709 1321 3772 maioris
1333 3707 1448 3773 eclesie
1462 3716 1567 3771 nostre
1589 3707 1748 3787 signatam

437 3794 572 3876 prefatis
592 3794 742 3859 fratribus
764 3797 795 3859 in
817 3797 1031 3861 testimonium
1052 3796 1194 3861 validum
1215 3816 1390 3878 erogamus.

520 3883 636 3946 Datum
660 3884 844 3949 Halberstat
870 3905 926 3968 per
951 3906 1078 3949 manum
1102 3886 1243 3949 Tidericl
1266 3886 1381 3950 notarii
1405 3885 1517 3963 nostri,
1548 3882 1748 3967 pontifieatus

440 3971 539 4035 nostri
561 3991 645 4036 anno
666 3972 917 4038 terciodecimo.
978 4040 982 4047 ,

444 4194 484 4247 W
496 4123 621 4262 m
642 4126 683 4177 W.
701 4125 751 4177 nuit
774 4125 827 4178 den
852 4144 892 4179 an
913 4128 1006 4180 rothen
1033 4127 1092 4179 unul
1120 4128 1209 4195 pellven
1227 4126 1459 4180 Sedlormbnriren
1477 4125 1635 4193 lconpenden
1656 4124 1748 4177 rotlvcn

478 4212 496 4246 a
622 4211 647 4247 n.
