4459 5167
545 335 595 394 160
855 332 1021 410 Augustiner
1039 330 1292 406 Einsiedlerlrloster
1309 330 1539 412 ffimmelplortert

541 503 633 563 sente
654 496 823 563 Silvesters
844 498 899 562 tho
912 496 1167 580 Wemiughrode
1183 498 1231 562 lll
1251 499 1353 564 schill.
1394 499 1446 565 Oh
1467 499 1582 584 wyllen
1604 497 1690 563 unde
1711 497 1855 564 schollen

540 587 582 652 de
601 591 818 667 vorgenanten
835 583 1005 667 geistliken
1027 585 1160 651 brodere
1182 585 1238 651 des
1261 586 1395 653 klosters
1412 586 1469 652 der
1486 587 1745 672 Hymmelporten
1766 585 1854 652 unde

543 675 607 741 alle
628 676 681 739 tre
701 672 960 755 nakamelinghe,
981 692 1054 738 wan
1075 674 1116 740 de
1137 682 1332 758 vongensnte
1349 677 1448 742 Brant
1468 697 1530 742 von
1551 674 1732 743 Oldcnrode
1753 675 1856 741 edder

544 765 641 830 Grete
662 782 742 847 syne
763 763 867 827 celike
888 762 1054 828 husvrowe
1072 769 1227 845 ergenent
1246 771 1376 842 stenvet,
1405 765 1511 847 began
1531 766 1590 829 mit
1611 765 1744 848 vigilien
1766 764 1855 830 unde

495 923 501 934 g
542 853 746 919 seelemissen
773 851 863 933 gelik
882 869 958 914 aren
979 851 1242 934 medebroderen,
1269 854 1351 918 unde
1378 855 1441 919 alle
1467 855 1515 935 jar
1536 854 1593 920 des
1612 851 1757 918 drhdden
1780 874 1856 919 son-

541 943 642 1024 dages
665 961 708 1006 na
728 941 919 1024 pingbesten
940 942 997 1004 mit
1018 942 1152 1023 vigilien
1173 943 1257 1006 unde
1284 942 1341 1008 des
1362 944 1537 1026 mendages
1562 945 1621 1008 mit
1646 943 1854 1010 seclemissen

542 1032 646 1113 began
667 1048 748 1113 eyne
768 1048 881 1113 ewyge
902 1028 1083 1096 dechtnisse
1105 1051 1162 1096 vor
1182 1030 1223 1097 de
1243 1031 1328 1097 scole
1351 1033 1554 1114 Hcynemans
1575 1053 1638 1098 von
1650 1033 1746 1098 Orem
1767 1032 1854 1098 unde

540 1121 651 1186 dusser
672 1117 776 1202 beydc
797 1118 897 1182 Brant
915 1137 978 1184 uon
994 1118 1175 1184 Oldenrode
1196 1121 1279 1186 unde
1300 1120 1419 1186 Greten
1441 1140 1537 1206 syner
1556 1120 1744 1188 husvrowen
1766 1123 1854 1188 unde

542 1211 605 1275 alle
625 1209 691 1289 der,
716 1207 756 1272 de
776 1206 852 1271 othe
875 1206 966 1272 deme
993 1207 1113 1274 slechte
1134 1217 1316 1275 uorstorven
1338 1216 1420 1294 synt.
1461 1211 1527 1275 Dat
1553 1210 1648 1277 desse
1670 1211 1741 1296 gyft
1767 1213 1854 1276 unde

541 1318 624 1382 gave
663 1295 745 1361 unde
786 1295 994 1379 inholdinghe
1033 1296 1142 1362 desses
1177 1298 1290 1364 breves
1327 1304 1398 1364 vast
1435 1298 1518 1363 undo
1555 1299 1652 1366 wisse
1686 1319 1725 1385 sy
1766 1302 1854 1366 unde

543 1388 652 1472 blyue,
682 1386 739 1451 des
766 1391 799 1449 lo
820 1385 1024 1450 bekentnisse
1045 1386 1129 1451 unde
1151 1386 1289 1472 wisheyt
1314 1405 1350 1451 so
1369 1387 1473 1452 hebbe
1495 1387 1529 1450 ik
1550 1388 1682 1454 Ludeke
1707 1389 1854 1456 Venster-

541 1475 669 1556 maker,
703 1494 746 1538 nu
782 1475 837 1539 tho
869 1474 926 1539 der
958 1474 1016 1558 tyd
1046 1475 1214 1558 utadvoget
1246 1476 1301 1540 tho
1326 1475 1593 1560 Werninghrode,
1621 1478 1675 1543 tho
1707 1477 1853 1544 orkunde

541 1563 721 1646 bevestiget
750 1563 834 1628 unde
865 1563 1008 1646 besegelt
1041 1561 1158 1630 dussen
1188 1565 1459 1649 yegenwardigen
1496 1565 1568 1630 bref
1602 1574 1669 1650 myt
1702 1588 1852 1652 myneme

528 1653 778 1737 'ingheseghele

625 1742 716 1809 Unde
742 1761 781 1825 ys
807 1740 965 1824 gescheen
991 1761 1034 1808 na
1059 1741 1181 1824 goddes
1208 1744 1279 1808 bort
1304 1744 1418 1808 dusent
1442 1743 1496 1826 jer
1523 1745 1715 1811 verbundcrt
1742 1747 1792 1828 jar
1818 1748 1852 1812 in

541 1833 603 1898 den
624 1850 687 1915 eyn
706 1833 791 1897 unde
817 1831 1006 1913 sestigesten
1025 1833 1113 1914 jare,
1141 1832 1175 1896 in
1202 1830 1294 1897 deme
1315 1833 1421 1916 daghe
1443 1833 1500 1898 des
1523 1833 1655 1916 hilligen
1683 1835 1851 1920 apostoles

541 1921 625 1988 unde
646 1919 874 2003 ewangelisten
896 1926 988 1985 sonte
1008 1919 1164 1986 Johannis
1184 1927 1258 1986 ante
1279 1927 1400 2005 portam
1421 1921 1562 1986 latinam.

616 2055 722 2109 resen.
748 2054 786 2107 rm
809 2053 906 2123 mnne.
929 2053 1094 2109 suaseras
1122 2025 1296 2124 emaque.
1323 2057 1372 2110 sess
1399 2055 1483 2124 mnes
1507 2055 1616 2110 male
1639 2055 1851 2112 essemus-rs

542 2127 599 2194 auf
617 2125 676 2192 Ios.
695 2123 785 2193 XIII,
803 2123 857 2178 Ns.
877 2124 1283 2193 commemorantum.
1306 2125 1403 2179 Urldl.
1425 2127 1483 2194 Ius.
1509 2126 1574 2192 VII,
1593 2126 1646 2180 Nr.
1666 2131 1708 2180 50.

541 2377 657 2460 1462.
684 2375 802 2459 littra
820 2375 888 2458 30.
915 2375 1118 2457 llrltular.
1787 2377 1850 2461 87.

643 2528 832 2608 Erebischcs
854 2526 954 2607 Adolr‘
978 2545 1038 2590 ooo
1066 2526 1182 2592 Maius
1207 2529 1366 2611 tumeam
1390 2531 1450 2593 deu
1477 2531 1594 2594 Acblen
1617 2550 1677 2594 ooo
1706 2529 1737 2594 S.
1761 2527 1854 2593 Peter

641 2627 711 2690 uod
729 2625 760 2691 S.
781 2624 878 2690 Jacob
897 2625 934 2687 iu
946 2623 1073 2706 Erfurt,
1092 2625 1183 2688 soroie
1202 2626 1288 2689 cium
1303 2625 1400 2691 Reice
1420 2628 1553 2691 eadmer
1564 2626 1851 2710 Stlttsdipuiluricn

643 2726 677 2787 io
687 2722 880 2803 deriapca,
895 2721 1126 2802 Grubcalraperr
1137 2723 1206 2786 aad
1215 2722 1334 2788 Hessen
1346 2725 1406 2788 dea
1419 2745 1477 2788 coa
1487 2723 1719 2805 PopstJobuaa
1733 2723 1850 2786 XXII.

641 2825 766 2905 uatum
792 2823 843 2883 18.
863 2819 960 2900 April
987 2822 1071 2884 1317
1100 2819 1238 2900 auplcc‘eh
1265 2821 1322 2885 mit
1348 2823 1408 2886 den
1429 2821 1650 2902 Erebischdjeu
1678 2841 1738 2885 uon
1760 2821 1850 2885 Ko'lo

641 2919 711 2982 aad
736 2917 935 2998 Mopdcburp
967 2917 1144 2982 erbultcneu
1176 2919 1334 3000 Austroy,
1366 2920 1416 2982 die
1447 2919 1645 3000 Arpumner
1669 2918 1851 2983 Einsicdlcr

642 3016 689 3080 bei
719 3015 810 3078 ibren
836 3013 1028 3093 Freihcitcu,
1055 3015 1217 3080 besorcdcrs
1244 3015 1438 3080 lliusichtlich
1465 3017 1518 3080 des
1545 3017 1646 3098 freiero
1675 3015 1849 3097 Predr'peus

641 3113 711 3177 uad
732 3111 978 3203 Beiobtehdrens,
998 3133 1040 3178 aa
1060 3114 1213 3180 schritaoc.

622 3243 780 3327 Adolffns,
812 3244 864 3309 dei
891 3251 923 3310 et
953 3246 1128 3331 apostolice
1158 3245 1244 3312 sedis
1278 3247 1389 3330 gracia
1415 3254 1525 3313 sancte
1551 3246 1737 3328 Maguntine
1763 3246 1850 3312 sedis

541 3337 662 3401 electus
688 3341 719 3399 et
746 3333 960 3410 confirmatus,
991 3336 1075 3400 socri
1101 3336 1237 3400 Romani
1270 3337 1396 3420 imperii
1424 3355 1481 3418 per
1508 3337 1713 3401 Germaniam
1748 3337 1850 3401 archi-

542 3423 750 3490 cancellarius
777 3443 817 3489 ac
846 3425 994 3509 princeps
1021 3426 1152 3505 elector,
1181 3431 1382 3490 conservator
1417 3432 1448 3489 et
1476 3424 1571 3488 iudex
1599 3423 1851 3507 privilegiorum,

541 3515 655 3579 iuriam
677 3518 710 3577 et
730 3512 910 3578 libertatum
935 3516 1064 3578 liatrum
1086 3513 1207 3579 ordinis
1228 3515 1448 3579 heremitarum
1470 3513 1573 3578 saneti
1595 3513 1766 3594 Augustini
1794 3532 1851 3594 per

541 3601 740 3686 provinciam
761 3603 936 3683 Thuringie
958 3609 990 3667 et
1011 3604 1150 3668 Saxonis
1171 3622 1235 3667 nna
1256 3623 1325 3667 curn
1347 3602 1529 3667 reverendis
1550 3603 1582 3664 in
1609 3599 1734 3665 Christo
1754 3601 1852 3683 patri-

544 3695 601 3756 bus
630 3699 662 3755 et
687 3690 824 3756 dominis
851 3691 1049 3757 Coloniensis
1077 3702 1109 3756 et
1137 3691 1420 3774 Magdeburgensis
1448 3690 1698 3773 archiepiscopis
1726 3711 1747 3754 a
1773 3688 1850 3754 sede

541 3778 717 3863 apostolica
736 3780 917 3863 specialiter
938 3780 1122 3863 delegatus,
1149 3780 1309 3862 religiosis
1330 3781 1430 3843 sancti
1454 3779 1536 3843 Petri
1560 3785 1591 3843 et
1611 3778 1716 3842 sancti
1735 3778 1851 3842 Jacobi

542 3871 720 3934 Scottorum
741 3869 775 3934 in
796 3869 954 3934 Ilrffurdia
974 3869 1161 3949 abbatibus,
1188 3888 1309 3933 necnon
1331 3868 1569 3933 honorabilibus
1590 3867 1850 3948 hlrffurdensium,

541 3957 827 4038 Fritzlariensium,
849 3957 1210 4039 Heiligenstadensium,
1232 3957 1509 4036 Northusensium,
1534 3955 1737 4037 Gotensium,
1756 3954 1850 4038 Epm·

542 4046 722 4112 becensium
747 4055 780 4111 et
799 4046 1032 4111 Cesselensinm
1053 4045 1256 4109 ecclesiarum
1278 4045 1462 4128 prepositis,
1490 4044 1637 4124 decanis,
1663 4044 1849 4126 scolasticis,

541 4135 722 4199 cantoribus
757 4142 852 4217 atque
888 4134 1110 4200 canonicorum
1144 4134 1336 4214 regularium
1371 4135 1405 4198 in
1437 4133 1643 4198 Kaldenbom
1677 4134 1847 4217 preposito,

541 4224 666 4288 devotis
685 4225 801 4288 nostris
815 4225 847 4286 in
862 4225 988 4289 Christo
1002 4223 1127 4287 dilectis
1149 4223 1283 4286 salutem
1302 4221 1335 4286 in
1357 4223 1484 4286 domino
1499 4223 1654 4287 sinceram
1672 4224 1849 4286 caritatem.

542 4313 679 4377 Litteras
712 4311 879 4378 recolende
906 4311 1055 4377 memorie
1089 4311 1209 4374 domini
1238 4310 1393 4375 Iohannis
1423 4329 1506 4394 pape
1539 4310 1683 4375 vicesimi
1718 4311 1851 4376 secundi

541 4402 600 4466 sub
624 4403 802 4467 auctentico
827 4421 885 4467 nos
909 4419 979 4465 oum
1006 4419 1133 4480 ecqua
1159 4399 1266 4462 docuit
1294 4399 1476 4464 reverencia
1503 4399 1655 4463 noveritis
1680 4401 1849 4482 recepisse,

541 4510 673 4576 quarum
694 4499 784 4558 tenor
804 4490 844 4554 de
866 4490 963 4555 verbo
984 4488 1027 4552 ad
1048 4488 1177 4552 rerbum
1200 4487 1350 4569 sequitur,
1371 4493 1403 4552 et
1423 4493 1470 4551 est
1493 4487 1585 4552 talis:
