4459 5167
548 350 598 408 148
644 392 649 418 ,
855 349 1021 422 Augnstiner
1038 346 1291 408 Einsiedlerkloater
1307 346 1536 422 Himrneipiortem

544 508 646 567 tarum
667 501 847 566 intulissent
874 508 906 567 et
927 500 968 565 ob
989 500 1049 565 boc
1069 501 1156 584 prior
1176 507 1208 565 et
1228 507 1400 565 conventus
1423 500 1455 564 in
1478 499 1760 584 Hymmelportben
1779 516 1851 585 pre·

544 591 646 655 dictos
678 590 839 655 dominum
868 589 1051 655 Odolricum
1077 591 1223 654 comitem
1255 609 1390 672 suosque
1415 590 1590 655 familiares
1622 608 1728 654 coram
1754 590 1852 654 certis

545 678 703 746 iudicibus
725 679 950 744 ecclesiasticis
975 679 1147 744 traxissent
1168 680 1207 743 in'
1229 698 1368 759 causam,
1396 698 1457 760 qno
1478 678 1638 744 intellecto
1659 677 1852 743 reverendus

543 770 576 833 in
596 768 700 834 Crista
721 775 869 852 paterae
889 767 1034 832 dominus
1055 774 1162 832 noster
1181 767 1327 832 domiuus
1349 765 1553 832 Gberbardns
1567 767 1850 850 Hyldensemensis

543 858 711 941 episcopus
733 876 790 941 pro
814 856 894 920 bono
916 856 1006 940 pacis
1024 862 1056 921 et
1075 856 1242 921 concordie
1263 875 1298 921 se
1319 862 1394 920 tuno
1413 856 1611 938 interposuit,
1633 857 1679 921 ita
1698 855 1851 921 videlicet

542 953 617 1029 quot
628 946 664 1033 (!)
684 944 860 1029 supradicti
880 948 967 1029 prior
988 952 1019 1010 et
1040 950 1214 1010 conventus
1232 945 1272 1008 de
1289 950 1321 1008 et
1338 964 1433 1028 super
1451 944 1603 1028 predictis
1616 944 1764 1029 dampnis
1784 944 1849 1009 sibi

541 1036 640 1099 illatis
666 1054 723 1099 uec
749 1052 812 1099 non
834 1034 1004 1099 discordiis
1031 1040 1063 1099 et
1090 1032 1307 1117 displicenciis
1331 1034 1589 1115 qualitercunque
1617 1033 1700 1097 inter
1719 1050 1753 1097 ae
1775 1032 1848 1097 sub-

541 1125 618 1188 ortis
651 1122 837 1206 simpliciter
869 1128 901 1189 et
934 1124 967 1188 in
995 1129 1094 1187 totum
1126 1123 1158 1185 iu
1191 1122 1326 1187 eundem
1353 1121 1513 1186 dominum
1534 1121 1754 1186 Gberbardum
1781 1120 1848 1205 epi-

540 1232 670 1295 scopum
690 1211 984 1295 compromiserunt,
1006 1232 1043 1277 eo
1064 1212 1157 1275 modo
1181 1210 1343 1291 videlicet,
1364 1216 1398 1274 ut
1419 1209 1573 1291 quidquid
1594 1210 1680 1274 idem
1700 1208 1848 1274 dominus

542 1301 746 1366 Gberhardus
767 1302 936 1385 episcopus
958 1303 990 1366 iu
1010 1301 1070 1365 hac
1091 1307 1183 1384 parte
1202 1300 1407 1365 arbitraretur
1426 1319 1482 1363 seu
1496 1298 1680 1365 arbitrando
1692 1316 1848 1383 pronuuc

540 1393 649 1471 tieret,
669 1400 821 1474 perpetue
844 1398 875 1455 et
896 1391 1124 1457 inuiolabiliter
1137 1407 1264 1454 servare
1284 1388 1403 1453 veilent
1423 1395 1454 1454 et
1476 1387 1638 1468 deberent,
1659 1395 1752 1472 prout
1772 1394 1848 1451 tnnc

539 1480 636 1545 etiam
657 1479 751 1543 ambe
772 1486 878 1562 partes
899 1479 932 1542 id
947 1479 1029 1543 velle
1050 1498 1085 1544 se
1105 1497 1232 1544 servare
1252 1476 1316 1541 lide
1337 1479 1412 1541 data
1436 1480 1653 1561 promiserunt.
1696 1476 1757 1555 Qui
1779 1478 1848 1559 qui-

539 1569 611 1634 dem
638 1566 783 1632 dominus
805 1567 1009 1633 Gberbardus
1036 1568 1206 1650 episcopus
1233 1585 1273 1630 ex
1299 1575 1374 1629 tuuc
1396 1566 1599 1630 interdictas
1623 1570 1731 1649 partes
1750 1583 1848 1649 super

538 1655 701 1741 premissis
729 1655 911 1721 arbitrando
942 1656 975 1720 in
1005 1655 1087 1719 hunc
1114 1655 1241 1718 modum
1269 1653 1520 1737 pronunctiavit,
1547 1660 1624 1736 quot
1643 1652 1847 1737 supradictus

537 1745 683 1810 domiuus
711 1743 877 1809 Odolricus
913 1762 1017 1808 comes
1049 1762 1105 1825 pro
1135 1742 1365 1806 restauratione
1393 1739 1549 1805 dictorum
1576 1742 1785 1825 dampnorum
1815 1748 1847 1805 et

538 1834 612 1899 aliis
633 1833 870 1915 quibuscunque
891 1850 998 1896 eorum
1018 1832 1186 1895 occasione
1206 1830 1344 1896 subortis
1365 1830 1460 1895 dictis
1479 1830 1632 1896 iratribus
1653 1838 1684 1895 et
1696 1851 1753 1914 pro
1765 1831 1847 1915 ipsis

537 1930 569 1987 et
595 1921 763 1986 conventui
790 1921 824 1985 in
843 1920 1123 2004 Hymmelporthen
1144 1918 1270 1983 efficere
1295 1927 1327 1984 et
1352 1938 1521 2002 procurare
1541 1920 1667 1996 debent,
1702 1924 1737 1985 ut
1757 1919 1847 1985 dicta

507 2016 509 2021 '
537 2010 673 2077 ecclesia
693 2010 725 2074 in
740 2009 905 2074 Hadebere
927 2027 997 2073 curn
1021 2009 1168 2072 omnibus
1189 2009 1255 2073 suis
1275 2008 1475 2090 pertinentiis
1496 2013 1529 2073 et
1544 2008 1672 2091 juribus
1691 2008 1733 2073 ab
1747 2026 1845 2073 onere

537 2100 766 2186 procurationis
788 2100 1001 2180 cuiuscunque
1022 2106 1054 2161 et
1074 2117 1200 2162 annone
1224 2096 1371 2184 synodali
1386 2099 1421 2175 (l)
1442 2098 1589 2164 absoluta
1610 2104 1642 2162 et
1663 2096 1766 2162 libera
1785 2116 1844 2181 per

493 2220 496 2228 ·
537 2208 594 2254 nos
621 2186 720 2252 nostri
746 2187 877 2270 capituli
903 2186 1076 2251 accedente
1104 2204 1259 2250 consensu
1287 2186 1407 2250 eisdem
1431 2186 1581 2251 iratribus
1601 2186 1698 2270 priori
1720 2193 1751 2250 et
1771 2205 1843 2249 con·

536 2278 644 2342 ventui
666 2276 699 2339 in
720 2274 999 2360 Hymmelporthen
1023 2275 1165 2339 uniretur
1190 2282 1221 2339 et
1242 2276 1494 2357 incorporaretur
1514 2294 1584 2339 cum
1608 2275 1755 2339 omnibus
1775 2276 1844 2339 suis

533 2364 653 2430 iuribus
665 2368 695 2427 ot
708 2364 908 2445 pertiuentiis
920 2372 951 2426 et
966 2369 1118 2446 perpetuo
1129 2362 1270 2426 uniretur
1280 2364 1351 2441 [et]l
1365 2364 1623 2446 appropriaretur
1634 2363 1748 2429 eidem.
1768 2364 1841 2427 iliis

536 2454 653 2519 etenim
678 2452 725 2517 sic
750 2451 912 2534 premissis
934 2451 1087 2517 discretus
1110 2451 1158 2514 vir
1178 2451 1324 2515 dominns
1345 2451 1500 2516 Henricus
1521 2450 1561 2516 de
1582 2451 1720 2534 Gossler,
1741 2461 1844 2517 rector

538 2544 623 2609 dicto
644 2541 852 2625 parrochialis
873 2542 1006 2606 ecclesie
1024 2542 1057 2605 in
1069 2540 1246 2621 Hadebere,
1268 2540 1387 2605 dictam
1407 2560 1497 2605 suam
1510 2540 1677 2606 ecclesiam
1692 2543 1725 2605 in
1737 2541 1843 2607 liade

537 2633 610 2698 bere
632 2637 663 2695 et
683 2629 796 2695 villani
815 2629 934 2695 ibidem
955 2628 1108 2711 degentes
1120 2628 1380 2711 scilicetlieunig
1398 2630 1438 2712 by
1451 2629 1543 2709 deme
1556 2630 1685 2714 Stegbe,
1706 2630 1842 2695 Kersten

537 2718 727 2793 Herbordes‚
751 2720 875 2802 patroni
896 2739 950 2785 seu
966 2719 1107 2784 eiusdem
1130 2718 1517 2807 ecclesiepreseutatores,
1537 2719 1784 2804 iuspatronatus
1799 2719 1843 2785 ad

536 2831 570 2876 se
590 2816 739 2895 spectans
759 2813 792 2870 et
811 2807 860 2871 ius
881 2806 1087 2888 quodcunque
1114 2807 1149 2871 in
1171 2806 1232 2871 bac
1251 2814 1344 2890 parte
1365 2814 1547 2890 competens
1567 2810 1694 2873 nomine
1715 2809 1842 2873 nniver-

536 2899 640 2965 sitatis
668 2916 723 2963 sue
750 2902 846 2977 atque
871 2896 1060 2959 villanorum
1089 2894 1122 2958 in
1150 2893 1317 2959 Hadebere
1345 2894 1378 2958 in
1407 2896 1523 2960 nostris
1554 2897 1702 2961 manibus
1733 2896 1843 2971 libere,

536 2988 723 3071 simpliciter
751 2992 782 3049 et
805 2984 838 3048 in
865 2989 963 3048 totum
990 2984 1200 3065 resignarunt,
1221 2991 1253 3047 et
1272 2990 1440 3068 postquam
1468 2982 1586 3048 dictam
1614 2983 1780 3048 ecclesiam
1806 2985 1840 3047 iu

537 3076 703 3143 Hadebere
736 3094 774 3139 ac
805 3074 874 3138 eius
903 3074 1136 3157 possessiouem
1162 3082 1328 3138 vacantem
1359 3072 1560 3153 haberemus,
1591 3072 1634 3137 ad
1669 3073 1841 3138 instantem

537 3166 802 3251 supplicationem
830 3160 1003 3246 supradicti
1030 3162 1150 3227 domini
1172 3160 1312 3227 Odolrici
1335 3162 1460 3227 comitis
1485 3163 1519 3226 in
1540 3161 1723 3246 Reyusteyn
1744 3160 1840 3226 dictis

536 3256 687 3320 iratribus
709 3261 740 3319 et
761 3251 929 3319 couventui
949 3252 982 3314 in
1009 3250 1289 3335 Hymmelportheu
1314 3250 1355 3314 ob
1382 3250 1484 3315 divini
1510 3250 1612 3314 cultus
1637 3256 1839 3332 augmentum

537 3350 633 3425 atque
659 3343 691 3406 in
718 3342 872 3407 dictorum
898 3338 1104 3422 dampnorum
1127 3340 1387 3404 restaurationem
1407 3337 1561 3403 donamus
1580 3358 1620 3404 ac
1639 3338 1840 3423 presentibus

537 3432 578 3496 de
599 3448 754 3495 consensu
776 3430 946 3514 expresso2
967 3427 1197 3494 venerabilium
1217 3430 1353 3492 virorum
1372 3427 1568 3492 dominorum
1584 3427 1707 3493 Alberti
1728 3446 1840 3511 prepo

537 3520 608 3598 siti,
642 3518 763 3583 Alberti
791 3518 906 3583 decani
938 3524 970 3582 et
999 3517 1132 3601 capituli
1161 3516 1247 3581 dicte
1270 3522 1376 3580 nostre
1403 3516 1536 3581 ecclesie
1560 3515 1839 3581 Halberstadensis

538 3606 672 3671 eandem
694 3606 860 3671 ecclesiam
887 3606 920 3670 iu
944 3606 1109 3671 Hadebere
1130 3612 1226 3687 atquo
1245 3606 1287 3668 ad
1306 3604 1428 3669 firmam
1449 3605 1652 3671 donationem
1673 3606 1706 3669 in
1727 3624 1838 3689 perpe-

538 3704 625 3760 tuum
653 3695 845 3760 valituram³
873 3696 904 3758 in
938 3695 990 3760 dei
1023 3695 1150 3760 nomine
1178 3696 1347 3775 donamus,
1379 3694 1504 3758 unimus
1533 3700 1565 3757 et
1595 3693 1838 3778 appropriamns

538 3803 608 3849 curn
629 3784 774 3848 omnibus
794 3784 861 3849 suis
887 3783 1008 3847 iuribus
1029 3790 1061 3847 et
1082 3782 1292 3866 pertinentiis,
1312 3782 1473 3845 mittentes
1497 3800 1537 3845 ex
1556 3800 1642 3847 nunc
1663 3782 1696 3845 in
1720 3800 1838 3861 veram,

536 3872 652 3937 realem
680 3879 711 3936 et
740 3872 933 3957 corporalem
958 3873 1188 3955 possessiouem
1216 3870 1358 3936 eiusdem
1388 3871 1523 3935 ecclesie
1548 3872 1685 3955 priorem
1709 3878 1741 3937 et
1765 3890 1837 3935 con-

536 3968 665 4027 ventum
678 3960 892 4045 supradictos;
916 3966 947 4023 et
967 3978 1007 4024 ue
1025 3958 1112 4023 'dicta
1132 3972 1240 4023 nostra
1254 3959 1389 4024 ecclesia
1401 3959 1680 4024 Halberstadensis
1699 3978 1759 4023 nec
1781 3978 1838 4024 uos

537 4052 698 4133 nostrique
719 4066 915 4115 successores
935 4048 1078 4131 episcopi
1091 4048 1376 4113 Halberstadenses
1391 4055 1498 4113 nostra
1509 4048 1604 4113 solita
1616 4048 1837 4133 procuratione

537 4140 668 4224 ipseque
691 4139 835 4204 dominus
856 4136 1097 4201 archidiaconus
1119 4136 1189 4218 loci,
1211 4138 1333 4203 scilicet
1353 4137 1558 4218 inUtsleve⁴‚
1580 4155 1636 4201 suo
1657 4137 1724 4201 iure
1744 4156 1837 4220 syno

537 4229 604 4293 dali
625 4227 854 4305 defraudemur,
875 4225 1015 4308 prelatus
1032 4224 1198 4292 Odolricus
1218 4244 1322 4290 comes
1344 4226 1459 4292 bonam
1474 4225 1568 4290 fidem
1588 4244 1765 4307 agnoscens
1780 4245 1837 4291 sex

536 4316 654 4382 solidos
676 4316 854 4381 dativorum
875 4313 1072 4379 denariorum
1096 4315 1215 4379 usualis
1235 4324 1360 4380 monete
1381 4314 1658 4380 Helberstadensis
1680 4316 1712 4377 in
1734 4315 1836 4379 locum

534 4405 764 4490 procurationis
785 4402 876 4467 nobis
897 4403 1053 4485 dictisque
1074 4406 1188 4469 nostris
1213 4404 1446 4469 successoribus
1466 4404 1576 4469 debite
1597 4422 1636 4467 ac
1657 4422 1752 4467 unum
1776 4404 1836 4468 ier-

534 4504 639 4560 tonem
665 4494 735 4578 puri
757 4491 1034 4557 Helberstadensis
1060 4492 1225 4558 warandie
1252 4493 1349 4557 annui
1377 4511 1490 4558 census
1517 4493 1742 4559 archidiacono
1762 4492 1834 4559 Ula
