4459 5167
853 302 901 357 Νι·-
921 302 1042 356 tit—ss.
1061 319 1085 357 a.
1102 302 1297 363 1327-1333.
1671 302 1724 365 279

420 450 615 532 premntinm
636 451 898 532 recognoscimus,
919 452 1061 517 volentes
1082 459 1146 516 tam
1167 453 1366 535 presentibus
1387 472 1480 535 qnam
1501 458 1637 538 posteris
1659 459 1726 527 lore

417 548 543 620 notum,
578 539 663 622 quod
701 540 784 605 boue
820 542 982 605 voluntate
1011 548 1043 605 et
1078 540 1176 605 libero
1209 540 1340 605 arbitrio
1373 541 1529 626 plenoque
1568 564 1724 615 consensu

417 630 574 709 omniurn,
600 648 732 711 quorum
758 630 890 695 interest
917 649 973 695 seu
999 631 1153 695 interesse
1177 631 1308 714 poterit,
1339 631 1452 697 damus
1477 639 1509 697 et
1537 636 1725 705 conferimus

417 718 552 785 ecclesie
572 719 859 783 sanctimonialium
887 720 969 784 sacri
995 719 1162 801 sanguinis
1183 719 1255 785 lesu
1276 720 1371 785 Cristi
1399 720 1431 785 in
1453 722 1627 792 Waterlere
1655 748 1723 811 pro-

417 810 586 893 prietatem
607 806 738 872 duorum
759 828 938 873 mansorum
959 809 1089 873 sitorum
1114 810 1148 873 in
1176 810 1299 893 campis
1322 809 1412 873 Bbek
1439 830 1537 895 prope
1562 814 1722 883 civitatem

419 896 594 975 Osismii,
620 895 680 961 hoe
700 904 805 961 tamen
827 896 967 978 adiecto,
996 898 1079 980 quod
1105 898 1138 962 in
1166 899 1305 962 erastino
1329 898 1415 963 beati
1438 900 1589 971 Iohannis
1609 904 1725 973 Euan·

417 986 535 1069 gelistc
566 983 700 1067 singulis
732 986 826 1051 annis
857 986 1020 1070 perpetuis
1050 986 1245 1070 temporibus
1271 987 1395 1052 custodi
1426 987 1509 1055 dicte
1533 994 1667 1061 ecclesie
1692 997 1725 1061 in

417 1074 594 1140 Waterlere
614 1073 657 1138 ad
678 1072 809 1139 offitium
837 1076 979 1141 custodie
1007 1076 1187 1160 prepositus
1215 1095 1269 1139 seu
1296 1076 1448 1159 magister
1475 1081 1560 1146 curie
1588 1084 1640 1165 qui
1668 1104 1725 1167 pro

418 1172 560 1247 tempore
581 1164 675 1229 luerit
695 1184 734 1229 en
753 1163 906 1249 predictis
927 1166 1047 1231 mansis
1067 1185 1162 1230 unum
1184 1166 1319 1229 lotoncm
1342 1166 1461 1231 usualis
1486 1170 1610 1251 argenti
1636 1170 1728 1237 dabit

421 1253 579 1337 expedite.
620 1253 665 1319 Ut
685 1262 789 1317 autem
811 1254 869 1318 hec
890 1261 998 1319 nostra
1019 1254 1149 1319 donatio
1177 1254 1266 1318 lirina
1286 1262 1414 1319 manent
1435 1257 1467 1321 in
1489 1268 1674 1343 perpetuum
1696 1268 1728 1328 et

395 1343 650 1408 *inviolabiliter
673 1341 873 1423 observetur,
899 1362 957 1408 nos
985 1343 1174 1408 Tbidericus
1198 1348 1229 1407 ct
1250 1342 1406 1409 chricus
1432 1344 1472 1409 de
1497 1348 1587 1413 Bhek
1615 1352 1728 1417 fratres

420 1432 631 1515 prenominati
652 1434 775 1497 litteras
796 1441 958 1516 presentes
988 1433 1134 1497 dedimus
1160 1432 1335 1515 sigillorum
1356 1443 1530 1501 nostrorum
1555 1440 1728 1506 munimine

420 1521 670 1600 roborandaslll.
697 1522 799 1587 liuius
815 1522 860 1587 rei
875 1530 971 1587 testes
989 1528 1076 1587 sunt:
1094 1522 1241 1587 dominus
1254 1522 1402 1587 Hinrieus
1412 1525 1561 1591 sacerdos
1578 1526 1610 1591 ln
1624 1526 1728 1593 Hede-

420 1612 585 1685 mersleve,
605 1612 753 1677 dominus
767 1612 929 1693 Nicotaus,
947 1612 1132 1695 capellanus
1150 1612 1235 1675 dioto
1256 1612 1397 1687 ecclesie,
1420 1612 1577 1680 Wolterus
1597 1622 1629 1681 et
1649 1616 1729 1683 Con-

422 1700 528 1780 radus,
548 1701 703 1779 conversi,
724 1701 831 1765 etalii
850 1701 1052 1785 quamplures
1072 1699 1236 1781 fidedigni.

500 1793 613 1857 Actum
634 1798 666 1855 et
686 1790 795 1855 datum
816 1809 900 1854 anno
919 1789 1040 1854 domini
1060 1789 1348 1870 M¹¹CCC⁰XXVll⁰,
1371 1791 1403 1855 in
1424 1792 1476 1857 die
1499 1792 1584 1858 beati
1601 1792 1728 1860 Andrec

420 1882 567 1965 apostoli.

492 2005 607 2074 (imisit.
625 2006 671 2060 Bt.
689 2006 746 2060 16².
773 2036 798 2045 -
822 2008 850 2071 l)
867 2006 1005 2061 contineat
1021 2010 1070 2072 tar
1086 2005 1244 2074 contingat?

423 2164 538 2247 1330.
1664 2164 1727 2247 82.

520 2301 706 2376 Burrbcrd,
737 2298 829 2381 Gret'
849 2319 891 2363 zu
911 2299 1129 2375 talamos,
1157 2300 1221 2379 piot
1245 2300 1314 2363 dem
1335 2300 1374 2363 K
1378 2300 1469 2363 zoster
1497 2298 1649 2364 Wuterler
1669 2300 1729 2363 dos

522 2398 713 2478 Ilipentbum
732 2416 777 2459 oo
797 2399 872 2461 awai
893 2396 1005 2478 Hersen
1025 2396 1251 2478 augEllinpen,
1279 2397 1387 2461 roelobc
1412 2398 1462 2461 dic
1487 2416 1544 2461 eoos
1567 2396 1728 2479 Molenbof

521 2514 563 2559 eu
584 2494 673 2558 Iebo
689 2496 835 2574 petrapen
850 2494 958 2558 moen.

504 2647 541 2710 ln
570 2646 698 2712 nomine
724 2645 846 2711 domini
875 2664 977 2710 amen.
1022 2646 1090 2711 Nos
1118 2645 1315 2711 Borcbardus
1352 2646 1403 2711 dei
1429 2646 1536 2727 gratia
1562 2664 1666 2711 comcs
1694 2646 1727 2709 in

423 2735 630 2802 Valkenstein
647 2735 793 2799 omnibus
813 2734 846 2799 in
867 2742 1063 2818 perpetuum.
1105 2735 1150 2800 Ut
1169 2736 1270 2799 maior
1290 2734 1369 2800 tides
1383 2735 1574 2801 adhibeatur
1593 2736 1730 2818 negotiis

422 2826 532 2908 gestis,
553 2823 684 2907 expedit
705 2822 781 2889 inde
800 2824 988 2907 scripturam
1006 2823 1082 2902 lieri,
1103 2825 1559 2905 qucoontlncattestimonium
1573 2825 1727 2890 veritatis.

420 2914 505 2979 llinc
524 2919 588 2992 est,
614 2912 789 2995 quodcum
812 2930 966 2977 consensu
987 2913 1126 2976 omnium
1147 2921 1337 2993 nostrorum,
1364 2932 1495 2995 quorum
1522 2914 1668 2993 interest,
1696 2920 1728 2978 et

421 3003 462 3069 ob
483 3001 679 3067 remediuml
708 3009 875 3084 parentum
895 3010 1070 3066 nostrorum
1091 3010 1124 3066 et
1145 3004 1278 3068 salutem
1301 3003 1459 3087 propriam
1482 3002 1671 3067 donavimus
1697 3012 1729 3068 et

423 3091 624 3176 presentibus
643 3089 798 3155 donamus
818 3091 980 3175 preposito
1001 3099 1034 3155 et
1054 3092 1224 3156 conventui
1245 3092 1533 3157 sanctimonialium
1555 3094 1588 3157 in
1607 3092 1728 3157 Water-

422 3182 488 3245 lere
514 3180 739 3263 proprietatem
766 3178 897 3246 duorurn
931 3199 1110 3245 mansorum
1143 3182 1175 3244 in
1207 3183 1328 3265 eampis
1358 3180 1444 3262 Ellig
1471 3183 1615 3261 sitorum,
1648 3202 1727 3265 quos

422 3272 572 3336 llinrieus
592 3270 768 3336 advocatus
788 3278 820 3335 et
842 3270 1000 3335 lohannes
1019 3272 1133 3335 iratres
1154 3269 1232 3335 dieti
1253 3271 1293 3336 de
1314 3270 1487 3337 Molenbolf
1504 3279 1535 3336 et
1557 3290 1635 3336 uxor
1649 3271 1727 3336 dicti

422 3360 546 3425 llinriei
567 3379 589 3422 a
610 3360 704 3425 nobis
713 3360 796 3424 iusto
813 3359 937 3442 pheodo
948 3360 1135 3439 babuerunt,
1154 3361 1234 3426 iusto
1254 3360 1558 3443 proprietatistitulo
1574 3366 1727 3444 perpetuo

422 3448 641 3534 possidendos.
688 3449 733 3513 Ut
763 3456 869 3513 autem
898 3448 1076 3514 huiusmodi
1107 3448 1238 3515 donatio
1268 3450 1348 3533 ipsis
1379 3456 1450 3515 rata
1480 3455 1666 3533 peruraneat
1696 3456 1729 3513 et

423 3538 541 3604 nostris
560 3538 795 3603 suecessoribus
822 3538 1013 3619 innoteseat,
1043 3538 1188 3603 dedimus
1215 3557 1346 3622 presens
1372 3538 1523 3623 seriptum
1549 3556 1644 3623 super
1669 3536 1728 3603 hoo

423 3628 599 3693 confectum
619 3635 725 3692 nostro
746 3626 853 3709 sigillo
871 3626 1003 3691 firmiter
1022 3628 1254 3691 communitum.

502 3718 618 3782 Actum
638 3724 670 3781 ct
690 3715 798 3780 datum
819 3734 903 3779 auno
926 3714 1046 3780 donnini
1064 3715 1324 3781 M⁰CCC⁰XXX⁰.

496 3870 611 3938 Copeblb.
629 3869 673 3923 Bl.
692 3869 750 3923 45³.
793 3868 980 3935 Uelrersebrafl:
997 3869 1096 3937 Elling.
1134 3868 1226 3937 (Evam
1243 3869 1268 3921 cl.
1288 3871 1329 3923 15.
1349 3868 1413 3936 Jb.)

497 3976 522 4044 l)
540 3975 690 4030 animarum
706 3974 781 4041 sebit.

425 4104 538 4187 1333.
565 4104 684 4187 llliirn
702 4104 766 4187 tu.
1663 4104 1728 4187 83.

524 4259 688 4336 memor,
710 4260 774 4323 Abi
794 4278 836 4324 aa
855 4258 1063 4336 Ilseaeborob,
1084 4260 1148 4339 pibt
1170 4259 1237 4321 eino
1257 4278 1315 4321 vost
1344 4258 1375 4323 U
1377 4256 1454 4321 barb
1475 4258 1619 4338 (Obice),
1644 4258 1730 4337 Gra!

524 4377 566 4425 au
586 4356 769 4438 Rependeio
800 4358 1057 4439 (Regheustene),
1085 4358 1199 4419 scissem
1220 4354 1259 4417 K
1261 4354 1351 4418 testor
1377 4354 1554 4435 pesobeolote
1575 4352 1664 4434 Herse
1688 4374 1730 4417 aa

531 4454 634 4537 Odorp
664 4456 711 4537 (in
738 4456 860 4541 eampis
881 4457 947 4539 0.),
974 4456 1025 4519 die
1049 4455 1156 4539 Hoyer
1180 4473 1238 4517 ooo
1260 4450 1364 4517 Selede
1393 4472 1452 4517 ooo
1481 4452 1582 4533 jecere
1604 4450 1730 4534 Grotcn
