4459 5167
823 366 868 421 Nr.
891 368 923 420 dl
935 398 961 405 -
971 368 1013 419 bt.
1032 386 1056 423 a.
1075 367 1149 419 laun
1637 364 1668 415 :tl

382 516 416 582 de
433 516 561 597 Veliam,
583 518 728 582 dominus
746 517 901 582 ilenrious
921 516 1023 596 Friso,
1045 514 1191 580 dominns
1211 514 1413 579 Everbardus
1435 511 1619 586 advocatus,
1640 521 1671 577 et

380 605 428 668 alii
448 625 540 687 quarn
562 606 668 690 plures
692 606 754 669 fide
774 607 865 689 digni

451 694 567 758 Datum
598 713 680 757 anno
701 696 820 760 domini
849 694 1155 775 M⁰CC⁰LXXXIX⁰,
1183 692 1340 758 kalendas
1367 692 1516 773 lanuarij.

381 810 549 947 fflgffibg
571 810 611 863 W.
631 816 680 863 mil
698 810 756 864 derra
778 812 853 878 Tofel
869 810 928 863 VH
942 810 993 865 Nr.
1005 816 1040 864 55
1057 810 1231 881 ulrprbilrlelen
1247 810 1330 879 Siepel
1346 809 1494 863 auroram
1517 826 1542 860 u.
1564 808 1670 859 irrisam

441 986 466 1047 1)
485 985 555 1040 Ηίεν
574 987 647 1041 lieoae
663 987 721 1041 siclt
737 988 887 1055 gudeebson
907 988 985 1051 leam,
1004 986 1052 1055 apl.
1070 987 1133 1039 uber
1151 986 1222 1039 arwb
1240 984 1291 1039 Νν,
1312 988 1347 1038 44
1364 982 1500 1049 addat-ron.

381 1140 483 1223 1282.
510 1144 678 1224 ianuar
694 1144 728 1224 l.
1606 1139 1671 1221 42.

470 1275 576 1356 Sifrid
596 1277 665 1339 arrd
679 1276 839 1352 Heinrich,
863 1278 989 1359 (irrufes
1008 1297 1049 1339 art
1066 1276 1302 1357 Blrtrtkenburp.
1322 1275 1457 1356 widinen
1477 1276 1512 1338 in
1536 1276 1586 1338 die
1606 1296 1673 1337 ror-

468 1373 612 1437 stebeude
635 1394 694 1436 oon
721 1374 817 1437 ibren
846 1374 939 1438 Voter
964 1374 1116 1437 Heinrich
1145 1376 1211 1455 prof
1232 1374 1351 1439 &doloso
1370 1373 1598 1453 liunbeaburp
1624 1394 1674 1453 pe-

468 1470 844 1551 nracbleScbenlruupvon
853 1469 1672 1551 Giitemzulanpelauudielleulscbordensbnider.

449 1586 517 1651 Nos
544 1586 689 1668 Syiridus
715 1592 747 1650 et
772 1586 938 1666 Henrious‚
967 1586 1026 1651 lilii
1050 1586 1178 1652 Henrioi
1206 1586 1328 1651 annuitis
1354 1586 1394 1651 de
1423 1585 1674 1667 Blanlrenboreb,

378 1681 475 1739 tenue
503 1676 695 1758 presentium
726 1676 979 1759 recognoscimus
1006 1684 1039 1741 et
1066 1675 1192 1759 publice
1218 1684 1442 1759 protestamur,
1471 1675 1554 1757 quod
1583 1684 1675 1760 pater

377 1771 475 1829 noster
494 1784 601 1829 eomes
621 1764 777 1830 ilenrious
797 1764 890 1830 nobis
911 1766 1110 1850 presentibus
1130 1786 1200 1829 eum
1222 1765 1316 1849 pleno
1342 1769 1447 1829 nostro
1468 1782 1621 1829 consensu
1644 1771 1674 1829 et

379 1851 453 1916 bona
479 1853 645 1917 uoluntate
670 1854 703 1917 in
732 1861 836 1917 eastra
857 1853 1098 1919 Blanlrenborob
1127 1853 1277 1917 iratribus
1306 1852 1428 1917 ordinis
1452 1852 1562 1918 doinus
1588 1854 1672 1917 tbeu-

376 1942 471 2007 tonioe
498 1942 583 2007 bona
608 1962 666 2006 sua
693 1943 725 2006 in
750 1942 829 2007 villa
849 1942 992 2023 Langele
1020 1942 1194 2007 liberaliter
1216 1942 1304 2009 dedit
1330 1942 1413 2006 ornni
1444 1943 1510 2006 iure
1535 1942 1673 2027 proprie·
1720 2014 1726 2029 ²

377 2031 446 2094 tatis
477 2038 631 2115 perpetuo
661 2030 871 2113 possidenda,
900 2030 982 2095 sieut
1011 2032 1044 2095 in
1072 2032 1179 2095 littera
1208 2032 1308 2115 patris
1337 2031 1435 2095 nostri
1461 2031 1600 2095 totaliter
1626 2039 1674 2094 est

377 2138 562 2204 expressum.
617 2120 653 2183 In
686 2120 775 2184 ouius
805 2119 881 2183 laeti
910 2118 1042 2185 evidens
1071 2120 1284 2184 testiinonium
1314 2138 1373 2201 ego
1401 2119 1562 2203 Spiridus,
1599 2120 1674 2201 qnia

376 2209 465 2272 frater
486 2227 576 2273 meus
596 2209 750 2273 Henrious
771 2208 878 2289 sigillo
899 2209 1015 2287 caruit,
1037 2228 1076 2273 ex
1097 2216 1187 2293 parte
1210 2216 1319 2273 nostra
1340 2216 1516 2291 presentent
1538 2208 1673 2272 litteram

376 2297 431 2360 l'eoi
451 2297 513 2361 mei
535 2298 633 2379 sigilli
655 2298 852 2380 appensione
873 2298 1067 2362 communiri.

451 2388 570 2452 Datum
591 2407 675 2451 auno
696 2386 815 2451 domini
838 2386 1146 2467 M⁰CC⁰LXXXIX⁰,
1169 2384 1325 2450 kalendas
1344 2384 1493 2449 Ianuarii.

445 2504 552 2557 Craebr.
560 2504 594 2557 W
609 2504 659 2557 mit
672 2502 733 2557 dem
745 2502 769 2555 Τ
765 2504 820 2568 atel
835 2502 969 2557 VIHNr.
980 2508 1015 2557 56
1023 2503 1199 2573 obpebt'ldeleu
1213 2502 1411 2555 :adnoclreaea
1420 2500 1504 2568 Siepel
1516 2500 1564 2555 Gr.
1574 2501 1675 2567 sitnon

376 2590 411 2624 aa
425 2575 523 2627 rutbea
539 2573 598 2627 rard
616 2574 723 2627 weram
740 2572 927 2639 &uleufoidert

375 2737 484 2819 1289.
511 2738 682 2820 ianuar
698 2738 762 2819 29.
1609 2740 1675 2823 43.

470 2872 648 2950 sammua
672 2870 1120 2955 bonorumbonoruin
1132 2873 1342 2951 Halbersiodl,
1363 2875 1544 2953 Burcbard,
1565 2875 1680 2956 aaut

470 2991 513 3036 zu
536 2970 568 3035 S.
589 2968 721 3050 Wperlt'
750 2971 784 3034 ia
804 2970 983 3052 Nienburp,
1011 2971 1148 3051 aoillipen
1174 2972 1211 3034 in
1243 2973 1324 3035 loros
1344 2973 1491 3037 liruders
1514 2974 1675 3050 Heinrich,

473 3069 602 3149 Grafeu
621 3088 662 3132 aa
683 3066 925 3150 Βῑιιννλνεννὸνινρ,
952 3069 1139 3149 Sdtenluup
1166 3069 1265 3133 seina
1286 3070 1405 3149 Elpeus
1426 3092 1469 3133 au
1494 3071 1616 3135 Giiteruo
1635 3090 1677 3134 aa

470 3166 618 3247 Luayelu
639 3186 682 3228 un
703 3166 754 3229 die
774 3164 1147 3230 Dausclwrdensorauer.
1768 3165 1773 3175 “

451 3269 516 3334 Dei
537 3266 648 3350 gracia
668 3286 726 3331 nos
746 3268 945 3332 Hermannus
975 3267 1154 3351 prepositus
1181 3268 1312 3333 eoelesie
1340 3270 1442 3333 saneti
1461 3268 1617 3333 Bonilaoii
1644 3270 1677 3332 in

377 3356 558 3423 Halberstat
594 3364 626 3421 et
655 3355 854 3422 Borebardus
891 3358 1070 3441 prepositus
1105 3356 1208 3421 saneti
1236 3358 1391 3440 Wipertbi
1424 3360 1456 3422 in
1484 3357 1677 3437 Nienbureh,

375 3444 485 3510 fratres
506 3443 587 3509 dieti
607 3444 647 3508 de
666 3445 908 3511 Blaokenburob
930 3454 1038 3511 notum
1062 3446 1196 3510 facimus
1217 3446 1372 3511 universis
1394 3447 1511 3512 Christi
1531 3447 1678 3512 fidelibus

376 3542 437 3598 tam
459 3534 664 3619 presentibus
692 3555 786 3616 quam
810 3535 922 3599 lbturis
948 3536 1075 3618 publice
1102 3542 1326 3619 protestantes
1348 3536 1429 3617 quod
1455 3538 1552 3602 frater
1573 3544 1678 3600 noster

375 3621 509 3687 dilectus
529 3623 674 3687 dominus
696 3624 863 3688 Heinrieus
882 3643 986 3688 eomes
1007 3623 1047 3687 de
1069 3624 1311 3687 Blanlrenburcb
1333 3626 1557 3708 proprietatem
1579 3643 1677 3695 suaru,

376 3730 465 3790 quam
494 3712 607 3775 babuit
630 3712 662 3774 in
691 3712 782 3775 bonis
808 3712 878 3776 sitis
907 3713 940 3775 iu
962 3712 1117 3792 Laugele,
1145 3711 1277 3776 donavit
1300 3713 1449 3777 iratribus
1476 3714 1587 3778 donnus
1611 3720 1677 3777 teu-

376 3799 517 3880 tlroniee,
543 3809 650 3863 nostra
675 3801 836 3864 voluntate
859 3810 891 3865 et
913 3820 1066 3864 consensu
1088 3802 1213 3884 plenius
1239 3802 1422 3880 ascedente,
1448 3803 1677 3867 abrenuncian-

376 3895 420 3951 tes
440 3892 528 3953 omni
550 3890 624 3968 iuri,
651 3890 736 3970 quod
756 3890 788 3953 in
815 3890 928 3954 eadem
954 3892 1146 3973 proprietate
1167 3890 1352 3954 videbamur
1374 3891 1498 3955 habere.
1540 3892 1575 3953 In
1592 3890 1679 3956 tosti-

376 3978 512 4041 monium
533 3977 627 4041 buius
646 3976 762 4059 sigillis
783 3978 897 4041 nostris
916 3978 1082 4060 presencia
1101 3978 1337 4041 oontnruninrus.

452 4066 574 4131 Datum
611 4085 695 4130 anno
740 4067 858 4131 domini
895 4066 1222 4147 M⁰CC⁰LXXX⁰IX⁰,
1270 4074 1382 4147 quarto
1425 4066 1581 4132 kalendas
1620 4066 1676 4130 Fe-

380 4154 505 4221 bruarii.

384 4324 387 4329 ,
448 4267 585 4333 Uraebritl
595 4267 638 4321 W.
658 4268 707 4319 mil
723 4266 1031 4335 erbollrnenSiepebtun
1042 4266 1223 4320 rollraeidonen
1238 4266 1386 4333 Selrndren,
1406 4266 1548 4321 rurndeneu
1565 4268 1616 4321 rius
1634 4268 1679 4321 dea

378 4334 499 4404 stapulas
528 4354 563 4389 aa
586 4337 612 4389 S.
630 4336 771 4403 Bouilaeii
790 4339 822 4389 ip
846 4337 1021 4390 Holberalurit
1047 4339 1078 4389 in
1102 4338 1235 4390 &butrida
1259 4337 1354 4391 llrblo.
1379 4338 1424 4391 des
1451 4338 1529 4403 Slilis
1552 4340 1626 4407 lufel
1648 4338 1682 4390 ῙῙ

377 4406 419 4458 Nr
436 4412 461 4472 7,
480 4408 533 4460 dua
550 4408 635 4461 morea
643 4408 693 4461 Br.
703 4408 849 4460 Burcbatul
866 4412 921 4474 irus
935 4408 982 4459 der
1001 4407 1176 4475 beilieperuiea
1198 4408 1256 4474 lus.
1271 4408 1343 4461 VIII
1356 4408 1407 4461 Nu.
1427 4412 1461 4461 57
1477 4410 1616 4477 obpelrilrlel
1636 4411 1678 4460 iat.

445 4477 530 4530 θεᾶν.
550 4478 621 4531 narb
639 4478 711 4530 einer
728 4478 876 4531 sobleclrtm
885 4478 1023 4544 Absebru'pt
1041 4479 1081 4531 bei
1100 4496 1120 4530 r.
1133 4478 1305 4531 Heraeorum
1321 4478 1375 4531 eod.
1394 4479 1458 4545 dipl.
1472 4480 1543 4532 Arrb.
1556 4480 1596 4543 11,
1618 4484 1677 4544 662,

381 4562 415 4599 reu
430 4553 531 4615 quarto
548 4548 602 4601 lral.
621 4548 740 4602 Ianuarii
759 4554 791 4601 al.
811 4548 961 4603 Februarii.
