4459 5167
833 314 879 370 Nr.
900 317 933 371 35
951 317 1019 369 -ut
1040 332 1063 371 a.
1086 317 1160 371 1296.
1183 318 1259 373 leur.
1648 318 1696 372 121

395 514 508 599 rtet.
534 517 630 598 Julr
647 518 686 599 4.
739 518 1119 620 Hlmmelplorton.
1632 520 1699 603 36.

497 650 565 715 Der
586 654 680 717 Virro·
700 655 754 717 des
779 654 885 718 iliors
909 656 964 719 der
985 656 1149 718 deutschen
1174 655 1308 719 Prooiur
1327 656 1381 717 dra·
1401 658 1601 737 Alapta-torn
1620 656 1701 719 Ein-

496 750 719 815 sr'edierordens
734 754 769 815 irr
782 753 915 817 Soatrsen
930 754 1082 817 scirtirirtd
1099 756 1189 816 einen
1206 755 1301 817 Strrr'f
1314 754 1462 817 arciselaus
1476 756 1536 816 den
1548 754 1700 817 llriidcm

494 868 554 912 eur
584 848 819 931 Himmcipforte
847 852 916 915 rrrrd
946 872 987 916 en
1023 851 1238 933 ermilinburp
1264 872 1364 931 rrrpru
1399 852 1454 915 der
1489 851 1611 917 Grenre
1647 851 1700 915 des

496 946 726 1027 beiderseitipen
749 947 967 1012 Tmarirrr'rens.
1466 948 1470 953 ’

475 1072 643 1139 Universis
663 1092 792 1157 presens
812 1072 963 1158 scriptum
990 1076 1104 1139 visuris
1130 1074 1228 1139 irater
1248 1074 1411 1141 Corradus
1439 1075 1543 1139 dietus
1563 1074 1604 1139 de
1624 1074 1700 1137 Alta

391 1159 505 1239 Domo,
528 1160 625 1225 lector
645 1162 756 1227 domus
777 1162 1070 1246 Magdeburgensis,
1091 1165 1230 1229 vicarius
1251 1165 1413 1248 provincie
1433 1164 1623 1229 alamannie
1643 1183 1701 1249 per

390 1248 571 1314 districtum
595 1252 733 1316 Saxonie
759 1252 879 1317 ordinis
904 1254 1126 1319 heremitarum
1148 1255 1250 1318 saneti
1273 1254 1453 1335 Augustini,
1474 1254 1643 1317 fraternam
1666 1252 1700 1315 in

390 1337 523 1404 domino
544 1340 717 1405 caritatem.
759 1342 917 1406 Profestor
938 1363 1043 1407 coram
1065 1342 1156 1409 robis
1177 1342 1277 1425 sigilli
1296 1343 1395 1405 nostri
1414 1344 1588 1426 presentia,
1614 1340 1699 1423 quod

391 1429 475 1492 inter
496 1428 610 1495 fratres
627 1429 667 1495 de
681 1430 775 1493 Porta
786 1430 853 1496 Celi
875 1438 906 1495 et
924 1434 1037 1497 fratres
1051 1438 1174 1497 nostros
1193 1433 1234 1495 de
1246 1431 1536 1513 Quideligheburelr
1556 1430 1700 1495 distincti

390 1524 464 1582 sunt
486 1520 613 1583 termini
635 1518 675 1583 de
697 1539 848 1585 consensu
873 1522 1009 1605 priorum
1038 1530 1070 1585 et
1095 1522 1225 1585 fratrum
1246 1522 1406 1603 utriusque
1431 1521 1491 1585 loci
1517 1520 1577 1583 hoe
1598 1519 1701 1599 modo,

390 1607 476 1689 quod
498 1609 699 1673 terminatius
726 1610 835 1675 exiens
860 1609 900 1675 de
926 1611 1022 1675 Porta
1048 1610 1116 1675 Geli
1140 1610 1330 1693 lleynburolr
1359 1618 1481 1673 tantum
1507 1616 1610 1693 petet,
1636 1626 1699 1671 non

390 1697 582 1762 transiturus
604 1699 715 1777 rivum,
736 1700 790 1781 qui
811 1698 927 1764 dicitur
950 1699 1115 1765 Goltbeke.
1157 1700 1246 1763 Petet
1267 1704 1372 1763 tamen
1395 1717 1434 1762 ex
1455 1717 1609 1762 consensu
1629 1716 1700 1781 pre-

388 1786 578 1851 dilectorum
599 1788 728 1851 fratrum
748 1787 834 1852 idern
859 1788 1060 1853 terminarins
1085 1788 1286 1869 Langensten
1307 1793 1339 1849 et
1359 1806 1466 1851 omnes
1484 1786 1592 1864 villas,
1619 1803 1699 1866 quas

388 1877 497 1957 tangit
519 1876 603 1941 idem
628 1878 713 1941 rivus
733 1896 831 1960 nsque
854 1879 885 1941 in
902 1878 1073 1961 Wegelere
1095 1880 1274 1956 exclusive,
1302 1876 1348 1939 ita
1369 1874 1453 1957 quod
1474 1873 1646 1937 Erkrstede
1668 1878 1700 1935 et

389 1965 452 2028 duo
479 1964 649 2043 Hersleve,
678 1966 826 2032 videlieet
852 1986 985 2050 parvum
1011 1973 1043 2031 et
1069 1986 1235 2048 maguum,
1263 1971 1296 2029 et
1311 1964 1448 2045 Wibuye
1478 1969 1510 2027 et
1530 1960 1700 2026 lloneken-

390 2053 550 2135 grtinighe
569 2054 724 2121 inclusive
744 2059 793 2120 sni
815 2057 940 2121 termini
963 2056 1158 2121 sintfinalos.
1202 2054 1344 2120 Termini
1365 2072 1441 2117 vero
1462 2072 1501 2117 ax
1523 2052 1589 2116 alia
1611 2058 1700 2133 perte

390 2142 479 2207 Bode
501 2160 571 2205 oum
589 2141 761 2225 Wegeleve
783 2151 815 2211 et
838 2146 911 2209 aliis
938 2146 1024 2210 villis
1053 2144 1250 2209 intermediis
1275 2162 1386 2208 versus
1411 2138 1699 2223 Quideliglrebnrclr

390 2236 420 2294 et
440 2250 461 2293 a
486 2230 650 2315 sepedicto
671 2233 740 2297 rivo
760 2241 833 2299 sunt
853 2234 1002 2299 fratribus
1019 2232 1063 2298 de
1083 2232 1334 2315 Quidsligburch
1355 2230 1500 2314 deputati
1522 2237 1591 2294 eta
1613 2228 1699 2293 dicto

390 2321 459 2382 rivo
481 2321 560 2384 tacti
579 2320 647 2385 loci.
690 2322 724 2385 ln
753 2322 879 2403 signum
908 2330 1012 2387 autem
1040 2322 1175 2405 predicti
1204 2340 1375 2387 consensus
1403 2329 1533 2401 uterque
1560 2317 1699 2402 priorum

390 2410 605 2493 predictorum
626 2410 755 2476 fratrum
777 2431 898 2475 meeum
919 2411 1058 2492 sigillum
1080 2431 1170 2476 suum
1192 2410 1392 2494 presentibus
1411 2408 1568 2492 apposuit.

473 2498 592 2563 Datum
613 2500 645 2564 in
667 2500 762 2564 Porta
783 2501 868 2582 Geli,
896 2520 980 2565 anno
1011 2501 1132 2567 domini
1153 2499 1429 2578 M⁰CC⁰XC⁰VII⁰‚
1459 2504 1570 2581 quarto
1596 2515 1698 2561 nonas

390 2587 474 2653 Iulii.

391 2773 424 2825 Ν
464 2704 830 2829 fflscgwuqdfflpumeut
853 2706 942 2762 Wera.
970 2708 1018 2762 mit
1044 2714 1126 2761 eteros
1154 2706 1337 2776 beaebtdr'ptcn
1365 2704 1483 2773 Srcpelrm
1512 2704 1559 2773 opi.
1587 2704 1646 2771 Tus.
1671 2702 1696 2769 I,

421 2791 442 2827 r.
500 2814 508 2839 ,
657 2782 677 2829 '.

391 2938 504 3021 1297.
531 2939 771 3024 November
788 2944 845 3025 ll.
1636 2938 1696 3020 st.

494 3082 557 3148 Die
579 3084 740 3150 Gcbritdcr
758 3086 886 3151 Jolrorrn
906 3088 977 3151 nord
996 3086 1138 3151 Dietriclr
1158 3106 1217 3149 ome
1238 3086 1415 3149 Haeserode
1434 3084 1569 3165 roitiipen
1590 3083 1626 3144 in
1645 3082 1698 3145 die

494 3202 553 3246 vore
579 3182 676 3247 ibrem
703 3185 796 3249 Vuter
818 3186 914 3249 Arme
939 3186 999 3247 den
1020 3184 1173 3248 Brittium
1202 3205 1262 3248 eur
1281 3182 1517 3263 Ilimmelptortc
1545 3180 1698 3260 parracida

494 3278 678 3362 &tertam
699 3282 783 3345 cister
802 3282 892 3364 Herse
912 3282 1039 3345 Laudes
1059 3302 1100 3345 en
1122 3282 1311 3345 Atberrstcdt.
1340 3352 1343 3357 ,

474 3406 510 3471 ln
532 3407 658 3471 nomine
679 3415 788 3472 sancte
808 3414 840 3471 et
860 3405 1025 3471 individue
1046 3406 1197 3471 trinitatis
1222 3425 1324 3471 amen.
1375 3404 1533 3469 lohannes
1553 3401 1645 3467 miles
1665 3407 1698 3467 et

392 3495 609 3561 Theodericus
637 3496 750 3562 fratres
780 3496 858 3562 dieti
889 3497 929 3561 de
956 3495 1149 3561 Hartesrode
1180 3496 1349 3575 universis,
1382 3493 1424 3558 ad
1456 3512 1536 3575 quos
1566 3511 1697 3577 presens

391 3586 545 3668 seriptum
566 3587 758 3668 pervenerit,
785 3586 920 3652 salutem
940 3586 973 3651 in
994 3584 1122 3649 domino
1147 3585 1381 3668 sempiternam.
1424 3583 1508 3660 Quia
1529 3601 1599 3646 eum
1620 3587 1697 3644 tem-

393 3674 479 3755 poris
499 3672 709 3739 instabilitate
731 3674 921 3758 temporales
940 3693 1063 3755 quoque
1086 3671 1227 3737 defluunt
1248 3672 1400 3752 actiones,
1420 3670 1550 3754 expedit
1569 3671 1697 3734 omnino

393 3780 448 3825 eas
468 3761 595 3825 testium
616 3780 692 3825 voce
714 3768 746 3827 et
766 3762 940 3825 litterarum
961 3760 1141 3826 testimonio
1162 3760 1310 3824 roborari.
1353 3760 1531 3842 Eapropter
1551 3757 1698 3823 noverint

393 3850 530 3913 universi
554 3856 618 3913 tam
639 3848 735 3913 futuri
756 3867 849 3931 quam
872 3848 1013 3913 moderni
1025 3849 1177 3932 temporis
1188 3847 1362 3926 christiani,
1383 3848 1467 3929 quod
1490 3854 1699 3929 paternoster

392 3935 538 4001 dominus
557 3939 659 4017 Anno,
680 3938 843 4003 similiter1
864 3936 967 4003 dietus
988 3936 1029 4000 de
1050 3936 1245 4016 Hortisrode‚
1266 3955 1411 4001 mansum
1431 3955 1527 4001 unum
1547 3937 1641 4001 situm
1664 3937 1697 4001 in

392 4045 505 4110 eampo
519 4026 707 4109 nienstede,
729 4046 820 4110 quern
843 4026 1001 4092 adomino
1013 4025 1174 4092 Vurrad02
1189 4026 1450 4091 Halberstadensi
1465 4027 1616 4111 episcopo
1630 4028 1697 4091 iure

393 4114 510 4181 feodali
530 4121 684 4197 tenuerat,
702 4136 742 4181 ex
763 4136 917 4181 consensu
936 4125 968 4183 et
986 4116 1118 4181 arbitrio
1138 4121 1245 4180 nestro
1257 4115 1469 4197 heredumque
1485 4134 1609 4180 suorum
1625 4134 1697 4180 con-

393 4204 463 4270 tulit
482 4204 633 4270 fratribus
654 4206 694 4271 de
716 4206 809 4271 Porta
822 4206 891 4271 Celi
911 4206 951 4272 ob
973 4206 1107 4271 salutem
1130 4212 1162 4270 et
1181 4206 1355 4270 remedium
1376 4205 1482 4270 anime
1501 4223 1558 4269 sue
1578 4204 1698 4269 uxoris-

394 4312 453 4375 que
481 4312 551 4374 sue,
576 4294 727 4359 videlieet
753 4296 863 4361 matris
896 4302 1013 4371 nostre,
1045 4313 1171 4359 suorum
1196 4294 1342 4359 similiter
1369 4301 1401 4358 et
1432 4299 1606 4379 parentum.
1654 4293 1697 4359 Ut

394 4390 498 4449 autem
526 4384 600 4449 talis
625 4384 751 4450 collatio
778 4390 848 4449 rata
874 4391 905 4449 et
933 4406 953 4450 a
980 4384 1114 4468 posteris
1139 4383 1255 4448 nostris
1282 4382 1478 4449 inviolabilis
1506 4388 1696 4467 perseveret,

393 4477 570 4555 presentem
590 4472 727 4539 litteram
745 4473 989 4539 testimonialem
1009 4472 1084 4538 inde
1106 4472 1317 4557 conscriptam
1338 4472 1437 4555 sigilli
1457 4474 1556 4537 nostri
1577 4490 1694 4556 appen-
