4459 5167
833 325 880 382 Νι.
900 327 1019 381 11-13.
1038 343 1063 381 ι
1083 323 1272 380 1292-1294.
1655 319 1708 376 235

398 475 545 560 temporis
563 483 774 558 evanescant,
792 474 925 560 expedit
944 475 1099 560 scripture
1116 475 1297 542 testimonio
1313 481 1346 540 et
1361 473 1567 558 inscriptione
1581 471 1709 538 testium

397 565 595 648 perhennari.
623 565 728 647 Igitur
748 573 855 631 tenore
874 565 1067 649 presentium
1088 564 1344 646 recognoscimus
1360 562 1484 648 publice
1496 561 1708 646 protestando,

397 655 481 736 quod
506 654 620 720 damus
648 673 731 718 nore
758 654 882 739 capelle
902 661 1081 720 consancta
1101 653 1134 718 in
1160 653 1286 718 laudem
1313 661 1345 718 et
1374 651 1522 718 honorem
1543 649 1709 734 sanguinis

396 744 517 809 domini
538 744 639 809 nostri
660 743 754 809 ihesu
771 745 866 810 Cristi
888 754 920 811 et
940 744 1077 826 glorioso
1098 743 1209 808 matris
1230 743 1299 809 eius
1319 744 1454 826 virginis
1471 741 1570 805 llarie
1583 759 1708 806 omnem

399 834 625 916 proprietatem
640 841 790 915 nostram,
811 853 906 918 quam
926 853 984 900 nos
1007 840 1039 899 ot
1051 835 1149 899 nostri
1164 833 1381 918 progenitores
1402 828 1708 898 invillaWaterlero

396 922 579 1003 habuimus,
613 942 684 986 cum
716 923 803 987 omni
831 923 899 988 iure
928 921 998 988 sive
1030 923 1063 986 in
1095 922 1184 1004 agris
1210 941 1265 987 seu
1291 921 1325 986 in
1357 921 1440 986 areis
1464 919 1506 984 ad
1535 917 1708 984 dotandum

397 1010 555 1096 capellam
583 1011 759 1096 predictam
791 1012 824 1077 in
848 1011 927 1077 villa
952 1010 1129 1075 Waterlcre
1161 1008 1354 1094 supradicta.
1409 1008 1449 1072 lit
1475 1006 1609 1074 eandem
1638 1027 1707 1090 pro-

401 1102 568 1184 prietatem
596 1099 846 1166 condonavimus
867 1098 990 1184 oapelle
1017 1097 1186 1163 iamdicta
1213 1097 1245 1162 iu
1268 1097 1442 1163 Waterlere
1469 1099 1500 1162 in
1528 1096 1708 1161 dotalitium

399 1197 553 1276 perpetuo
568 1188 803 1274 possidendam.
826 1189 856 1252 N
859 1209 876 1254 e
889 1207 964 1270 ergo
977 1187 1156 1253 huiusmodi
1170 1187 1389 1253 donationeml
1404 1193 1458 1250 aut
1472 1185 1592 1251 oblivio
1603 1185 1709 1251 deleat

398 1290 453 1344 aut
474 1279 697 1364 importunitas
717 1279 837 1362 ingenii
860 1278 1068 1356 malignantis
1089 1279 1209 1360 negotii
1234 1277 1395 1359 iniringat,
1416 1277 1498 1340 hane
1520 1277 1708 1360 scripturam

398 1379 538 1436 nostram
559 1389 655 1454 snper
676 1369 735 1434 lroo
754 1369 930 1434 conlectam
951 1368 993 1432 ad
1019 1367 1191 1432 utilitatem
1219 1366 1339 1452 capelle
1366 1367 1399 1430 in
1425 1365 1501 1430 villa
1524 1364 1708 1443 Watcrlerc,

398 1481 438 1527 ne
459 1461 577 1542 aliquis
597 1461 701 1544 ipsam
722 1459 755 1523 in
776 1458 902 1541 prelata
923 1457 1094 1523 donatione
1114 1456 1269 1541 impedire
1292 1463 1467 1541 presumat,
1489 1454 1587 1537 sigilli
1609 1454 1708 1518 nostri

399 1551 571 1616 munimine
594 1550 742 1616 iussimus
761 1550 911 1614 roborari.

479 1639 592 1706 Testes
632 1659 708 1704 vero
747 1637 839 1702 huius
884 1637 1067 1704 donationis
1110 1643 1184 1702 sunt
1231 1635 1291 1700 hii:
1333 1634 1480 1700 dominus
1521 1631 1708 1699 Lodewicus

399 1728 551 1813 pincerna
569 1734 601 1793 et
621 1727 774 1793 londanus
793 1727 878 1793 lilius
892 1747 979 1804 suus,
1001 1725 1292 1806 IlenriousHirous,
1314 1723 1466 1790 londanus
1483 1723 1708 1802 deRedcberc,
1814 1789 1820 1802 ,

397 1818 555 1972 fliorclanua
587 1817 628 1882 de
655 1816 861 1900 Wigenrode,
894 1815 1011 1883 milites
1044 1817 1076 1882 in
1109 1815 1317 1899 augensem,
1353 1821 1385 1880 et
1418 1815 1475 1880 alii
1506 1813 1709 1898 quamplures

418 1908 598 2072 dediiilium
631 2015 664 2072 et
693 2012 799 2072 actum
830 2027 914 2072 anno
947 2005 1107 2072 dominice
1140 2003 1368 2070 incarnationis
1399 1999 1640 2082 Mrocrxcfflo,
1675 2001 1708 2064 in

399 2097 514 2180 vigilia
536 2097 622 2162 beati
643 2097 765 2163 Thome
785 2097 932 2182 apostoli,
953 2095 1046 2161 ΧΙΠ0
1066 2095 1223 2162 kalendas
1244 2094 1395 2160 Ianuarii.

471 2216 587 2283 Goploa.
604 2233 628 2269 o.
654 2215 785 2268 Wcterler
802 2214 847 2268 Bt.
867 2204 926 2270 12b.

472 2322 496 2389 1]
517 2321 572 2375 Die
586 2321 697 2375 amatr.
717 2323 835 2377 donatio.

927 2431 1177 2440 .--,------ι-

404 2568 516 2650 1294.
545 2567 786 2651 November
803 2567 866 2650 22.
1645 2565 1705 2648 13.

507 2740 632 2817 Uirro,
657 2740 749 2821 Grof
762 2761 804 2804 aa
825 2739 1025 2820 Reperiamus,
1045 2741 1109 2820 plot
1130 2739 1185 2802 dor
1205 2759 1307 2803 rseaat
1331 2738 1464 2819 Kupellc
1484 2759 1557 2803 aum
1576 2739 1709 2819 leilipers

502 2838 586 2902 Blat
606 2839 641 2902 ia
659 2837 812 2903 ll'orater
833 2839 893 2901 rios
907 2837 1098 2919 caestuum
1119 2837 1203 2901 cirues
1214 2837 1314 2918 Hol'es
1332 2837 1401 2900 arrd
1415 2838 1524 2900 aroeier
1540 2835 1709 2918 Hofstcllerr

500 2937 537 2999 irs
556 2936 725 3000 daasolbea
744 2935 853 3018 Darsa

481 3081 518 3144 ln
544 3081 672 3146 nomine
697 3079 818 3145 domini
845 3100 947 3145 amen.
997 3079 1136 3159 Oinous,
1162 3078 1214 3143 dei
1240 3078 1345 3160 gratia
1372 3097 1477 3144 comcs
1505 3079 1537 3143 in
1565 3078 1710 3160 Regnen-

401 3171 498 3250 stein,
525 3169 670 3234 omnibus
698 3169 731 3234 in
759 3177 952 3254 perpetuum.
1001 3168 1050 3232 Ne
1076 3188 1115 3234 ea
1143 3188 1204 3250 quo
1228 3175 1365 3252 aguntur
1391 3169 1423 3234 in
1451 3176 1604 3252 temporo,
1639 3188 1709 3234 eum

401 3259 493 3342 lapsu
520 3259 671 3342 temporis
694 3279 716 3323 a
746 3257 898 3322 memoria
926 3257 1087 3322 honrinum
1119 3257 1300 3337 elabantur,
1332 3257 1466 3343 expedit
1488 3277 1528 3322 ca
1555 3257 1709 3341 scripture

400 3347 579 3412 testimonio
600 3354 633 3412 et
655 3347 860 3432 inscriptione
880 3348 1007 3412 testium
1029 3347 1228 3432 perhennari.
1270 3348 1371 3430 Igitur
1390 3357 1497 3412 tenum
1511 3347 1709 3430 presencium

401 3435 653 3518 recognoscimus
691 3435 820 3520 publice
859 3436 1079 3520 protestando,
1113 3436 1198 3519 quod
1228 3437 1340 3502 damus
1377 3457 1459 3502 nove
1493 3437 1638 3521 cappella
1676 3438 1708 3500 in

400 3525 575 3592 Waterlere
597 3532 774 3591 constructe
807 3526 839 3590 in
869 3527 997 3592 laudem
1027 3533 1059 3591 et
1089 3525 1237 3593 honorem
1266 3528 1431 3610 sanguinis
1460 3527 1579 3592 domini
1611 3527 1709 3594 nostri

400 3615 493 3681 Ihesu
521 3614 637 3680 Christi
667 3622 699 3679 et
731 3612 869 3696 gloriose
894 3616 1004 3680 matris
1030 3616 1099 3681 eius
1122 3616 1222 3682 Maris
1253 3618 1478 3700 proprietatem
1504 3617 1597 3682 unius
1623 3618 1709 3682 curie

400 3714 431 3769 et
450 3703 584 3768 duarum
612 3723 757 3769 arearum
784 3707 817 3770 in
842 3703 953 3769 eadem
975 3705 1054 3769 villa
1076 3705 1248 3771 Waterlcre
1269 3707 1400 3772 sitarum
1431 3727 1499 3772 cunr
1527 3706 1611 3774 omni
1632 3706 1709 3787 iure,

402 3791 523 3878 [siout]l
553 3793 686 3858 eandem
714 3794 938 3877 proprietatem
967 3814 1024 3860 nos
1052 3801 1084 3860 el
1111 3797 1210 3860 nostri
1232 3798 1450 3880 progenitores
1469 3803 1649 3872 tenuerunt,
1678 3805 1710 3861 ot

402 3886 521 3967 prefate
533 3885 680 3969 cappella
698 3883 913 3949 condonamus
926 3885 1153 3967 perpetualiter
1166 3885 1389 3970 possidendam
1408 3895 1440 3950 et
1451 3886 1554 3970 ipsam
1566 3885 1709 3950 volumus

401 3973 597 4039 warandarc.
643 3973 693 4038 Ne
728 3995 804 4056 ergo
837 3973 1016 4039 huiusmodi
1048 3975 1252 4040 donationem
1285 3983 1341 4040 aut
1370 3977 1489 4041 oblivio
1519 3975 1626 4040 deleat
1654 3986 1709 4040 aut

401 4063 611 4147 inportunitas
645 4063 773 4145 ingnei2
808 4064 1014 4147 malignantis
1046 4065 1172 4146 negocii
1198 4065 1364 4148 infringat,
1397 4065 1480 4132 hano
1511 4064 1646 4130 litteram
1677 4071 1709 4129 ct

401 4153 588 4237 scripturam
608 4173 703 4238 snper
727 4153 787 4218 hoc
808 4156 982 4219 conlectam
997 4154 1040 4218 ad
1053 4155 1222 4219 utilitatem
1236 4157 1381 4239 cappello
1396 4155 1519 4222 invilla
1533 4154 1709 4221 Waterlere

402 4243 565 4324 iamdiete‚
597 4263 636 4308 nc
672 4243 789 4326 aliquis
821 4245 923 4327 ipsam
954 4247 986 4308 in
1015 4245 1139 4328 prelata
1171 4244 1342 4310 donatione
1371 4245 1515 4328 inpedire
1538 4252 1709 4328 presumat,

400 4332 496 4414 sigilli
517 4333 615 4398 nostri
636 4333 810 4398 munimine
830 4333 960 4398 fecimus
981 4335 1129 4399 roborari.

480 4423 593 4488 Testes
613 4443 688 4488 vero
716 4423 807 4488 huius
829 4422 1009 4489 donationis
1035 4430 1120 4489 sunt:
1148 4423 1294 4490 dominus
1313 4425 1467 4490 lordanus
1491 4423 1532 4488 de
1556 4423 1708 4507 Nendorp

402 4518 434 4579 et
456 4511 613 4580 londanus
644 4512 685 4578 de
703 4512 908 4602 Wigenrode‚
939 4513 1094 4584 Henricus
1123 4513 1236 4600 Yrcus,
1271 4515 1425 4585 londanus
1458 4513 1499 4582 de
1536 4512 1708 4598 moenere,
