4459 5167
552 363 605 420 218
805 359 1092 418 (listercienserinnen-
1109 359 1333 431 ffleihgenblnt·)
1351 359 1459 419 Kloster
1467 359 1613 419 Waterler.

556 512 679 577 dabunt
698 510 933 596 archidyacono
954 531 1011 595 pro
1034 511 1243 596 synodalibus
1260 510 1290 575 ll
1302 532 1426 577 marcas
1446 511 1561 594 legalis
1581 510 1716 594 argenti,
1737 515 1772 576 et
1790 510 1880 576 alias

560 601 713 684 reliquias
734 601 768 666 in
789 607 853 666 tres
874 607 981 684 partes
1001 601 1160 682 dividunt,
1182 621 1275 665 unam
1296 601 1434 686 plebano
1456 602 1510 684 qui
1530 599 1688 682 succedet,
1709 599 1811 665 aliam
1833 599 1880 666 ad

559 689 814 758 emendationem
845 690 957 770 totius,
987 691 1114 756 tertiam
1142 710 1200 774 pro
1230 691 1322 756 libris
1351 696 1384 756 et
1415 691 1489 756 aliis
1517 689 1705 755 utensilibus
1736 689 1880 755 ecclesie

559 779 784 865 comparandis
793 779 844 845 vel
867 799 924 864 pro
945 779 1063 846 debitis
1083 779 1313 865 persolvendis,
1326 781 1353 845 si
1367 781 1431 846 illis
1442 780 1537 846 luerit
1548 780 1717 864 obligatus.
1753 780 1879 845 Verum

556 871 585 937 si
607 869 688 936 adeo
714 868 868 934 distracta
891 870 987 935 fuerit
1009 869 1068 935 hec
1095 888 1246 954 persona,
1272 870 1355 952 quod
1383 869 1637 954 archidyaconus
1657 868 1698 935 de
1718 870 1789 934 suis
1811 889 1880 934 non

557 961 664 1027 valeat
689 959 832 1042 reliquiis
851 959 1009 1043 expediri,
1033 960 1214 1044 prepositus
1236 960 1339 1024 sancti
1360 960 1511 1026 Iohannis
1532 961 1672 1043 prefatas
1693 958 1725 1023 11
1746 978 1879 1025 mareas

555 1049 618 1115 sibi
652 1049 722 1114 sine
748 1049 959 1114 diminutione
986 1049 1153 1133 persolvet.
1201 1049 1236 1114 Si
1264 1070 1339 1116 vero
1373 1050 1432 1116 hec
1459 1068 1596 1134 persona
1624 1055 1736 1133 sponte
1768 1050 1878 1115 redire

555 1138 706 1220 voluerit,
726 1138 847 1204 tamdiu
870 1139 1034 1222 prebenda
1056 1159 1115 1205 sua
1131 1145 1247 1220 careat,
1267 1158 1429 1222 quousque
1448 1139 1584 1205 ecclesia
1601 1139 1633 1203 11
1644 1136 1745 1203 libras
1758 1138 1879 1221 legalis

554 1228 680 1311 argenti
708 1228 760 1293 vel
785 1226 826 1294 de
852 1229 1017 1312 prebenda
1042 1249 1102 1295 sua
1128 1229 1261 1313 recipiat
1290 1229 1341 1294 vel
1369 1229 1410 1294 de
1438 1230 1518 1314 ipso.
1566 1229 1603 1293 ln
1632 1228 1715 1293 bunc
1742 1229 1878 1294 modum

555 1318 722 1384 arbitrium
743 1323 791 1383 est
809 1319 1041 1402 promulgatum
1063 1325 1095 1384 et
1111 1319 1233 1402 placuit
1254 1319 1429 1401 utrobique.
1472 1319 1586 1383 Testes
1604 1317 1698 1383 huius
1719 1317 1766 1383 rei
1784 1323 1876 1382 sunt:

557 1407 714 1475 lohannes
740 1409 934 1492 prepositus,
966 1409 1136 1473 Heinricus
1164 1408 1265 1492 prior,
1294 1407 1524 1487 Bartrammos,
1558 1406 1723 1472 Conradus
1756 1415 1877 1487 costos,

558 1495 747 1562 Thidericus
767 1498 952 1563 cellerarius
973 1503 1135 1580 totumque
1155 1497 1258 1562 sancti
1283 1495 1433 1563 Iohannis
1455 1496 1638 1580 capitulum,
1661 1496 1825 1563 Wullerus
1845 1503 1877 1563 et

557 1585 740 1652 Herbordus
760 1586 957 1669 sacerdotem
982 1588 1069 1652 ciues
1096 1586 1138 1652 de
1159 1587 1239 1652 Leve
1260 1587 1454 1667 Bernardus,
1476 1586 1648 1667 lohannes,
1668 1586 1878 1668 Benedictus,

559 1675 723 1753 londanus,
743 1682 776 1741 et
796 1676 852 1739 alii
874 1695 969 1759 qnam
991 1677 1105 1761 plures.

638 1767 720 1830 Acta
742 1772 815 1830 sunt
835 1767 895 1831 hec
915 1786 999 1832 anno
1021 1766 1140 1832 domini
1161 1765 1424 1846 M⁰CO⁰XXV⁰H,
1444 1764 1618 1831 indictione
1638 1765 1709 1831 XV.

637 1853 679 1920 Et
704 1875 745 1920 ne
770 1855 804 1919 in
829 1863 989 1939 posterum
1008 1876 1103 1941 super
1121 1857 1284 1941 premissis
1303 1855 1434 1922 dublum
1455 1856 1587 1936 oriatur,
1613 1856 1698 1922 hanc
1718 1857 1876 1940 paginam

560 1943 660 2026 sigilli
681 1944 779 2009 nostri
801 1944 1009 2029 impressione
1028 1945 1162 2012 lecimus
1182 1945 1338 2028 insigniri.

640 2034 710 2116 Ego
730 2033 913 2100 Fridericus
938 2034 990 2100 dei
1015 2035 1123 2117 gratia
1142 2033 1422 2100 Halbcrstadensis
1452 2034 1621 2120 episcopus
1643 2035 1875 2102 continentiam

559 2122 653 2190 huius
674 2123 793 2207 pagine
813 2123 956 2207 approbo
979 2129 1012 2189 et
1031 2124 1207 2208 episcopali
1228 2124 1417 2189 auctoritate
1439 2123 1587 2190 confirmo
1607 2123 1754 2190 districte
1772 2124 1876 2210 preci-

559 2213 666 2297 piens,
695 2230 735 2276 ne
756 2212 828 2294 quis
848 2231 919 2278 earn
942 2212 1113 2296 infringere
1134 2212 1185 2278 vel
1206 2220 1316 2279 contra
1341 2231 1412 2278 eam
1432 2213 1542 2279 venire
1568 2219 1745 2298 presumat,
1778 2221 1811 2281 et
1833 2215 1875 2278 ob

559 2303 620 2368 hoc
641 2320 712 2366 eam
733 2301 833 2383 sigilli
854 2301 916 2366 mei
936 2301 1146 2385 impressione
1168 2301 1307 2384 signavi.

561 2426 716 2554 Miluo}
728 2427 787 2481 dem
805 2426 967 2496 Coptblbwb
983 2425 1030 2482 des
1046 2425 1073 2483 8.
1092 2427 1302 2496 Jobomu'ssttps
1317 2443 1352 2482 aa
1370 2426 1452 2483 Holb.
1471 2428 1527 2496 asaf
1541 2426 1588 2482 der
1606 2427 1874 2485 Unioerss'tdtsbtbls'o-

639 2514 675 2552 aas
710 2514 769 2552 esta.

562 2619 675 2702 1262.
700 2618 797 2702 Jult
814 2620 879 2702 10.
1836 2619 1861 2703 2

668 2754 799 2833 Volrad,
836 2755 970 2838 Btscbol
1003 2775 1063 2820 oon
1093 2753 1309 2834 Holbostodt,
1341 2756 1523 2821 estsdrcidet
1556 2757 1593 2821 io
1631 2757 1730 2822 daem
1762 2757 1874 2824 Sto-cite

660 2853 812 2919 awisclrcn
831 2853 900 2918 dem
921 2852 998 2924 Still
1018 2852 1049 2919 S.
1063 2851 1222 2918 Jobaarea's
1241 2855 1276 2918 irs
1297 2855 1353 2917 dor
1373 2853 1465 2920 Stodt
1483 2855 1553 2919 aad
1573 2855 1634 2920 den
1655 2855 1871 2920 Einwobaem

662 2971 722 3016 oon
748 2952 825 3030 Ler,
853 2952 929 3015 does
953 2952 1005 3015 dic
1029 2971 1087 3016 oon
1113 2951 1256 3016 lctatcren
1283 2952 1464 3033 pescbeltcne
1491 2951 1584 3018 Wobl
1613 2952 1696 3017 eines
1719 2952 1873 3018 Preces

662 3049 817 3114 Hcimiclv
836 3069 909 3115 aum
924 3048 1058 3131 Ptarrer
1077 3049 1224 3130 unpitltip
1244 3051 1290 3114 sci
1309 3051 1379 3114 aad
1399 3051 1474 3114 does
1493 3051 1553 3115 dos
1573 3049 1670 3114 Recbt
1688 3051 1745 3116 der
1759 3051 1873 3132 Pfcrr-

661 3149 829 3230 hcstellaap
854 3167 899 3211 uo
920 3148 1022 3230 jessem
1047 3146 1120 3212 Orte
1144 3148 1213 3212 dean
1236 3147 1349 3230 Propst
1366 3149 1436 3212 ond
1459 3149 1597 3214 0011111111
1617 3149 1671 3214 des
1692 3152 1873 3230 personatos

665 3247 758 3330 stass
776 3247 908 3311 sactae.

642 3372 877 3440 NosVolradus
895 3371 948 3438 dei
963 3371 1360 3455 gratiallalberstadensis
1378 3373 1556 3459 episcopus,
1578 3375 1754 3458 perspectis
1779 3391 1874 3440 cause

562 3463 697 3543 meritis,
728 3481 789 3545 que
809 3462 991 3528 vertebatur
1009 3461 1092 3527 inter
1111 3463 1307 3547 prepositum
1333 3471 1365 3529 et
1386 3471 1574 3530 conventum
1595 3466 1699 3528 sancti
1722 3461 1872 3530 lobannis

562 3561 595 3618 et
615 3553 702 3620 cives
722 3552 763 3616 de
783 3552 878 3632 here,
907 3559 1058 3634 quantum
1078 3551 1122 3617 ad
1143 3554 1312 3620 ecclesiam
1332 3553 1474 3620 eiusdem
1495 3553 1572 3619 ville
1592 3553 1780 3620 diffiniendo
1802 3573 1872 3636 pro-

562 3641 759 3719 nuntiamus,
787 3641 974 3706 electionem
998 3640 1039 3706 de
1060 3642 1197 3709 Henrico
1219 3643 1384 3710 sacerdote
1408 3663 1466 3728 per
1486 3642 1614 3710 eosdem
1639 3644 1726 3710 cives
1753 3644 1870 3708 facturn

561 3732 683 3798 irritam
703 3740 736 3794 et
755 3730 883 3795 inanem
904 3736 937 3793 et
956 3729 999 3796 od
1019 3732 1213 3815 prepositum
1234 3733 1283 3798 ius
1305 3733 1492 3799 instituendi
1508 3732 1694 3798 canonicum
1714 3733 1872 3817 pertinere

562 3841 619 3907 per
638 3819 799 3906 predictos
821 3820 908 3884 cives
928 3819 969 3884 de
989 3839 1048 3884 sua
1068 3821 1203 3886 electum
1225 3821 1257 3887 in
1287 3822 1457 3906 plebanum
1478 3822 1553 3888 ville
1580 3822 1776 3906 supradicte,
1802 3839 1870 3904 pre-

561 3911 699 3996 positum
731 3929 771 3975 ac
800 3915 988 3975 conventum
1021 3908 1180 3992 predictos
1213 3912 1255 3977 ab
1289 3913 1478 3996 inpetitione
1512 3911 1630 3978 civium
1661 3912 1873 3986 absolventes,

562 4001 663 4067 salvis
685 4000 834 4085 expensis
855 4000 897 4065 ah
917 3999 989 4084 ipso
1009 4002 1171 4083 preposito
1194 4002 1225 4066 in
1246 4001 1304 4067 lite
1323 4003 1425 4068 lactis.

643 4091 726 4155 Acta
744 4097 818 4155 sunt
839 4089 898 4155 hec
918 4108 1003 4154 anno
1024 4089 1144 4154 domini
1167 4090 1393 4172 M⁰OC⁰LXlI⁰,
1415 4098 1504 4158 sexto
1524 4091 1597 4158 idus
1617 4091 1701 4157 Iulii.

642 4179 745 4245 Huius
776 4179 822 4245 rei
856 4186 953 4245 testes
984 4184 1071 4244 sunt:
1111 4179 1345 4262 vicedominus,
1379 4182 1596 4266 portenarius,
1630 4179 1798 4246 Bartoldns
1830 4175 1869 4240 de

562 4269 776 4351 Clettenberg,
797 4269 941 4336 canonici
957 4269 1087 4335 maioris
1099 4269 1233 4336 ecclesie
1247 4277 1365 4354 nostre;
1382 4272 1531 4352 decanus,
1545 4277 1658 4352 custos,
1673 4269 1869 4335 Hermannus

561 4360 692 4441 Hircus,
723 4358 926 4432 Richbertus‚
962 4358 1148 4440 Segebodo,
1180 4359 1338 4426 lohannes
1364 4359 1405 4426 de
1431 4359 1557 4438 Domis,
1592 4359 1801 4426 Heidenrieus
1828 4353 1867 4418 de

559 4449 771 4531 Lewenberg,
805 4447 1009 4514 Baldevvinns
1044 4446 1086 4512 de
1112 4447 1297 4530 Wanzleve,
1328 4448 1517 4516 Fredericus
1545 4449 1587 4516 de
1613 4443 1864 4532 winningstede,

557 4537 724 4623 Hugoldus
749 4537 790 4606 de
812 4536 1008 4618 Quenstede,
1032 4537 1265 4620 Hartmannus,
1291 4538 1439 4605 canonici
1462 4540 1597 4606 ecclesie
1619 4548 1730 4606 sancte
1752 4535 1868 4614 Marie5
