4459 5167
1350 321 1444 376 Νι.
1484 282 1724 377 91-93Ῐ
1765 340 1814 379 a„
1855 324 2005 379 1465.
2048 325 2198 378 1466.
2976 321 3079 378 165

640 471 866 536 Frater
916 470 1208 536 Andreas
1260 471 1507 554 Proles,
1575 471 1817 538 ordinis
1880 472 2141 538 fratrum
2205 472 2648 539 heremitarum
2701 473 2906 539 sancti
2958 473 3085 538 Au-

474 560 751 642 gustini,
793 560 988 626 lector
1036 580 1216 626 sacre
1258 562 1523 644 pagine,
1566 562 1843 627 vicarius
1886 562 2302 628 observancie
2344 563 2655 645 regularis
2696 562 2758 626 in
2805 562 3088 628 Saxonia

478 650 848 729 immeritae,
891 649 1139 714 dilectis
1188 651 1311 715 sibi
1357 651 1420 715 in
1448 651 1697 717 Christo
1721 651 2072 716 venerabili
2114 652 2369 717 domine
2401 651 2746 733 abbatisse,
2787 650 3086 736 priorisse

472 758 553 803 ac
614 739 729 803 toti
796 739 1131 803 conventui
1192 739 1555 803 monialium
1621 740 1689 804 in
1752 739 2155 820 Dernborch,
2217 740 2510 824 dyocesis
2563 738 3082 820 Hildesemensis,

475 828 746 893 salutem
800 837 877 892 ac
917 847 1028 911 per
1071 828 1370 893 virtutum
1421 829 1809 894 incrementa
1853 829 2047 893 vitam
2098 834 2160 893 et
2202 829 2470 911 gloriam
2514 827 2812 910 consequi
2853 829 3081 912 sempi-

472 923 736 982 ternam.
820 917 977 981 Cum
1035 917 1167 980 iure
1209 917 1426 982 divino
1468 917 1572 984 lex
1608 924 1821 982 mutue
1864 918 2161 983 karitatis
2213 916 2504 983 omnibus
2544 916 2926 999 generaliter
2966 935 3082 980 nos

470 1006 742 1087 obliget,
795 1005 925 1069 illis
969 1011 1100 1069 tum
1153 1025 1412 1088 quorum
1467 1025 1621 1088 erga
1662 1026 1777 1071 nos
1821 1006 2228 1088 ordinemque
2270 1013 2549 1071 nostrum
2593 1007 2869 1090 mayoris
2913 1007 3078 1071 kari-

470 1096 623 1159 tatis
704 1094 1196 1176 devoeionisque
1272 1095 1460 1160 certis
1539 1094 1797 1160 indiciis
1863 1096 2221 1180 experimur
2301 1096 2595 1160 affectum
2671 1115 2787 1160 nos
2854 1096 3079 1159 merito

470 1184 861 1268 peramplius
920 1182 1127 1247 reddit
1176 1183 1520 1265 obligatos,
1573 1184 1720 1248 hinc
1774 1191 1896 1266 est,
1949 1183 2115 1266 quod
2173 1183 2577 1265 exigentibus
2629 1190 2836 1247 vestre
2887 1183 3077 1249 devo-

468 1272 671 1337 cionis
713 1272 973 1352 meritis,
1015 1292 1203 1354 quam
1246 1272 1327 1335 ad
1371 1291 1484 1336 nos
1526 1278 1927 1356 nostrumque
1968 1271 2251 1338 ordinem
2296 1273 2534 1355 geritis,
2575 1272 2814 1356 recipio
2853 1291 2966 1337 vos
2993 1271 3076 1336 ad

469 1361 1046 1427 confraternitatem
1111 1368 1418 1441 nostram,
1476 1361 1731 1446 plenam
1789 1361 1970 1426 vobis
2024 1362 2146 1426 mei
2211 1361 2558 1426 vicariatus
2613 1363 3075 1426 conventuuml

466 1449 852 1533 presentium
906 1454 1121 1513 tenore
1173 1449 1527 1514 concedens
1576 1450 1852 1514 omnium
1908 1450 2334 1534 spiritualium
2392 1450 2690 1516 bonorum
2733 1450 3076 1534 participa—

464 1538 710 1604 cionem
773 1539 839 1601 in
903 1539 1037 1602 vita
1088 1539 1327 1622 pariter
1375 1545 1438 1602 et
1500 1539 1563 1601 in
1623 1545 1851 1620 morte,
1906 1538 2210 1604 videlicet
2268 1539 2629 1619 missarum,
2692 1538 3076 1621 oracionum,

464 1627 859 1706 ieiuniorum,
911 1627 1275 1709 vigiliarum
1317 1633 1788 1709 ceterorumque
1830 1629 2279 1693 exerciciorum
2313 1627 2754 1710 spiritualium,
2797 1647 2919 1709 que
2961 1646 3080 1711 per

464 1718 690 1781 fratres
746 1722 1092 1781 nostrorum
1149 1722 1567 1781 conventuum
1619 1717 1868 1799 operari
1921 1716 2288 1797 dignabitur
2331 1716 2678 1780 clemencia
2716 1715 3072 1796 salvatoriS,

465 1805 710 1871 addens
751 1804 832 1870 de
879 1807 1101 1888 gracia
1141 1805 1437 1888 speciali,
1484 1813 1549 1870 ut
1589 1824 1729 1869 cum
1766 1805 1976 1870 obitus
2018 1805 2507 1887 uniuscuiusque
2547 1812 2842 1884 vestrum,
2886 1822 3072 1885 quem

464 1895 757 1960 dominus
798 1894 956 1960 deus
996 1896 1242 1960 felicem
1278 1894 1503 1974 faciat,
1548 1895 1962 1959 conventibus
2004 1894 2310 1977 predictis
2351 1894 2539 1959 fuerit
2579 1893 2936 1974 intimatus,
2993 1912 3072 1957 ea

462 2003 576 2068 pro
618 1983 803 2049 vobis
838 1983 1011 2064 fiant,
1050 2002 1171 2065 que
1212 2003 1324 2067 pro
1366 1983 1598 2047 11081118
1640 1982 2061 2047 confratribus
2100 1987 2162 2046 et
2202 1981 2640 2047 consororibus
2680 1979 2816 2045 fieri
2849 1981 3071 2046 statuit

461 2073 658 2139 nostri
701 2072 943 2137 ordinis
984 2072 1346 2136 constitutio
1384 2072 1714 2151 generalis.

624 2163 855 2226 Datum
901 2163 963 2225 in
1010 2161 1202 2225 Porta
1246 2158 1402 2241 Geli,
1445 2178 1611 2224 anno
1654 2158 1890 2223 domini
1933 2157 2516 2240 MoccccoLXVt0‚
2560 2158 2627 2222 in
2669 2156 2899 2238 vigilia
2937 2177 3068 2223 cor-

461 2250 633 2333 poris
675 2249 930 2330 Christi,
971 2248 1171 2313 nostri
1210 2247 1558 2312 vicariatus
1599 2246 1791 2312 officii
1834 2248 1951 2312 sub
1993 2246 2224 2328 sigillo.

612 2357 878 2423 lah-schrift
922 2357 1033 2423 auf
1062 2356 1375 2421 Perqament
1419 2356 1517 2409 mit
1564 2353 1970 2423 anhanyendem
2010 2354 2432 2422 parabolischem
2462 2360 2690 2424 yritmcm
2720 2354 3070 2425 Wachsat’eyel

459 2433 620 2481 water
657 2427 719 2480 K
726 2428 759 2481 1.
799 2427 1112 2495 Derndmry
1147 2412 1250 2479 Nr.
1290 2429 1396 2479 127
1444 2425 1520 2478 im
1570 2425 1762 2493 koniyl.
1802 2425 2171 2479 Staatsarchiv
2214 2440 2286 2477 zu
2320 2424 2628 2480 Hawnover.
2695 2425 2812 2478 Von
2858 2441 3068 2479 ausser-

458 2499 583 2551 halb
614 2497 964 2566 ylet‘chzeitiye
1002 2497 1338 2563 Aussclmst:
1372 2496 1433 2549 In
1470 2496 1634 2550 Porta
1671 2495 1798 2550 Celi.
1870 2494 1993 2548 Das
2028 2494 2196 2563 Siaetyel
2229 2510 2270 2547 s.
2309 2496 2420 2561 auf
2455 2494 2571 2561 Taf.
2610 2495 2695 2561 II,
2737 2495 2840 2548 Nr.
2880 2499 2963 2548 15.

602 2586 655 2648 1)
693 2584 802 2637 Die
856 2583 1092 2637 Hdschr.
1150 2584 1248 2636 hat
1308 2600 1400 2637 zw.
1456 2584 1745 2638 vicariatus
1803 2582 1920 2635 und
1974 2588 2354 2647 conventuum,
2408 2581 2497 2635 ein
2552 2580 2672 2636 dem
2725 2582 2750 2635 i
2791 2582 3065 2637 ‹ihnliches

460 2655 705 2722 Zeichcn,
740 2653 843 2708 das
879 2654 1130 2709 vielleicht
1163 2654 1252 2707 ein
1287 2653 1310 2721 Ι’
1346 2654 1497 2722 (sive)
1533 2654 1628 2706 1ιαί
1663 2651 1872 2706 werden
1906 2653 2084 2706 sollen.

455 2864 696 2947 1466.
748 2864 1077 2962 August
1111 2863 1189 2945 6.
1243 2861 1797 2960 Magdeburg.
2925 2862 3055 2944 93.

658 2999 944 3076 Johann,
1003 2998 1366 3079 Erebischof
1418 3017 1535 3062 von
1594 2997 2011 3078 Maydeburq,
2061 2997 2381 3078 iibertrc‘iyt
2437 2997 2558 3060 den
2622 2999 2836 3061 seim-m
2912 2997 3061 3062 Vor-

653 3101 934 3178 yc‘mqern
976 3117 1094 3160 von
1140 3095 1211 3159 P.
1259 3095 1515 3161 Johann
1547 3094 1775 3157 ΧΧΠ.
1819 3095 2130 3158 ertheilten
2173 3096 2478 3176 Austraq,
2518 3096 2620 3158 die
2659 3095 3057 3175 Auyustiner

656 3193 1016 3258 Einsiedler
1063 3193 1461 3274 Thiirinqens
1499 3193 1637 3255 und
1681 3193 1986 3257 Sachsens
2036 3193 2189 3256 beim
2239 3191 2571 3273 Prcdiyem
2616 3192 3059 3255 Beichtehb'ren

654 3293 793 3355 und
848 3291 1218 3356 Absolviren
1282 3311 1471 3372 yeyen
1541 3291 1675 3353 'Here
1726 3289 2156 3354 Widersacher
2210 3311 2294 3355 zu
2357 3291 2642 3354 schiltzen
2710 3288 2856 3369 (vql.
2908 3288 3057 3352 oben

656 3388 779 3451 Nn
812 3390 926 3469 45)
966 3410 1054 3452 cm
1093 3390 1365 3452 mehrere
1391 3387 1606 3453 ‘Hoch-
1647 3388 1788 3451 und
1832 3388 2344 3471 Colley-iatstifter,
2389 3387 2578 3451 Aebte
2617 3387 2756 3450 und
2799 3384 3057 3467 Prdpste

663 3488 730 3549 in
777 3485 1156 3567 sturinqen.

606 3583 959 3659 ο10110111108,
1004 3590 1026 3662 Π
1069 3585 1174 3648 dei
1205 3583 1426 3666 gracia
1467 3590 1685 3648 sancte
1724 3583 2291 3665 Magdeburgensis
2332 3583 2600 3649 ecclesie
2638 3582 3056 3664 archiepisco-

446 3693 594 3758 pu8‚
653 3674 889 3756 primas
930 3675 1303 3756 Germanic,
1354 3693 1559 3739 comes
1616 3673 1937 3756 palatinus
1992 3674 2150 3737 Reni
2205 3681 2270 3738 et
2322 3674 2449 3737 dux
2495 3673 2802 3753 Bavarie,
2863 3669 3054 3736 iudex

447 3770 510 3826 et
554 3770 961 3826 conservator
1002 3762 1261 3842 iurium,
1302 3761 1805 3845 privilegiorum,
1847 3761 2241 3840 libertatum,
2283 3780 2485 3826 rerum
2545 3766 2608 3824 et
2645 3778 3054 3844 personarum

447 3850 835 3916 venerabilis
875 3870 951 3916 ac
994 3850 1429 3932 religiosorum
1472 3851 1745 3914 virorum
1779 3849 2012 3933 prioris
2052 3850 2371 3931 generalis
2412 3858 2475 3913 et
2515 3851 2773 3913 fratrum
2814 3848 3056 3913 ordinis

447 3939 651 4005 sancti
705 3940 1046 4022 Augustini
1101 3938 1544 4003 heremitarum
1610 3958 1723 4021 per
1786 3938 2175 4019 provinciam
2226 3938 2576 4019 Thuringie
2652 3943 2716 4000 et
2774 3936 3053 4001 Saxonis

448 4028 924 4093 constitutorum
968 4046 1008 4091 a
1047 4027 1199 4093 sede
1236 4026 1590 4111 apostoliea
1633 4045 1757 4089 una
1799 4046 1939 4089 eum
1981 4025 2302 4092 nonnullis
2344 4027 2492 4091 aliis
2532 4024 2765 4090 nostris
2823 4026 2888 4088 in
2932 4025 3052 4089 hac

446 4124 631 4200 parte
674 4116 937 4199 collegis
979 4136 1116 4181 eum
1162 4116 1447 4180 clausula
1488 4123 1795 4196 quatenus
1843 4134 1953 4179 vos
1982 4116 2085 4179 vel
2128 4115 2252 4179 duo
2296 4122 2406 4178 aut
2446 4134 2607 4179 unus
2633 4121 2906 4179 vestrum
2940 4133 3058 4197 per

444 4226 559 4271 vos
613 4206 716 4271 vel
767 4205 958 4270 alium
1003 4225 1113 4270 seu
1172 4205 1333 4270 alios
1388 4205 1751 4289 specialiter
1804 4204 2173 4287 deputatus,
2236 4204 2711 4269 venerabilibus
2766 4203 3052 4286 patribus

446 4296 645 4360 saneti
718 4295 1030 4361 Johannis
1101 4294 1380 4378 baptiste
1472 4293 1536 4356 in
1617 4292 1827 4357 Monte
1904 4300 2084 4357 extra
2154 4313 2364 4359 muros
2448 4292 3050 4376 Magdeburgenses,

448 4384 651 4449 sancti
691 4383 1021 4449 Michaelis
1060 4382 1635 4462 HildensemensiS‚
1686 4380 1887 4446 sancti
1938 4381 2195 4464 Georgii
2247 4383 2788 4465 Nuemburgensis
2844 4384 3048 4447 sancti

453 4471 619 4539 Petri
672 4471 1240 4556 Merseburgensis,
1331 4472 1537 4538 sancti
1602 4470 1818 4554 Egidii
1887 4470 2420 4556 Brunswicensis,
2483 4472 3049 4554 Halbirstadensis,

2250 4570 2298 4608 l
