4459 5167
827 321 874 378 Νι.
894 321 952 376 120.
975 321 1033 376 121.
1051 338 1076 376 e.
1097 321 1172 376 1496.
1195 321 1268 376 1197.
1650 319 1698 374 187

389 541 507 624 1497.
534 539 698 639 August
714 541 776 624 22.
828 543 1125 628 llulbcrstadt.
1615 540 1698 624 lau

495 708 563 776 Der
581 709 792 794 Wet'bbr'scbof
806 713 951 777 Motbios
970 734 1030 778 oon
1052 713 1129 777 aaa
1152 711 1271 776 cribeilt
1297 713 1409 790 (locere,
1437 711 1545 776 weldrc
1569 711 1620 774 dic
1640 731 1699 774 oon

494 809 560 872 rbm
581 829 633 872 om
658 813 708 872 17.
729 811 858 890 Aupuat
877 811 956 876 d.J.
984 811 1098 874 meae
1115 811 1257 892 percuilvte
1285 810 1354 873 arrad
1375 811 1432 874 mit
1461 811 1558 872 cincm
1586 809 1620 871 irv
1649 807 1700 872 die

494 905 585 970 Eiuro
609 905 797 972 aablreiclver
816 907 961 990 licilipcn
988 909 1167 973 errimtetcn
1196 907 1309 972 Alturc
1328 911 1542 988 uusqesloitctc
1565 905 1700 987 Kapelle

496 1003 528 1069 S.
554 1002 715 1069 Scioesters
750 1024 810 1070 rur
839 1004 1076 1088 Himmelpforte
1107 1005 1270 1082 bemccbea,
1305 1005 1351 1068 sie
1383 1008 1595 1068 acdestim
1629 1003 1699 1068 aad

494 1122 597 1184 weyers
631 1103 688 1166 der
719 1102 852 1184 heiligen
891 1101 1028 1166 throne
1062 1103 1132 1166 cml
1163 1103 1328 1184 peccamen
1362 1101 1556 1170 Altcrbildcr
1590 1100 1699 1166 Gcbete

493 1200 655 1280 sprecbco,
681 1201 772 1264 doen
802 1200 1042 1281 vimziptdpipen
1067 1199 1184 1264 Actaea
1208 1201 1277 1263 tund
1303 1201 1374 1282 slipi
1401 1200 1610 1264 versclricdcnc
1634 1199 1698 1264 Ab·

493 1297 575 1458 {osse
599 1297 654 1362 dea
677 1298 945 1362 administratas
970 1297 1072 1361 Ernst
1097 1317 1157 1361 voro
1182 1297 1380 1380 Mupdeborp
1405 1297 1473 1362 aad
1496 1296 1698 1362 flacescat

515 1414 598 1460 earu.

474 1546 640 1612 Universis
665 1553 697 1611 et
724 1545 859 1628 singulis
884 1551 1046 1632 presentes
1074 1545 1198 1611 litteras
1219 1545 1407 1631 inspecturis
1433 1545 1529 1612 irater
1549 1545 1698 1628 Mathias,

387 1635 447 1701 dei
475 1641 507 1700 et
531 1635 703 1719 apostolice
728 1635 814 1700 sedis
842 1636 948 1718 gratia
972 1634 1141 1719 episcopus
1174 1633 1347 1714 Gadensis,
1382 1633 1636 1700 reverendissimi
1665 1635 1698 1698 in

388 1725 519 1790 Christo
531 1724 632 1808 patris
643 1730 675 1788 et
687 1723 819 1789 illustris
831 1723 986 1809 principis
1002 1732 1034 1788 et
1046 1723 1167 1788 domini
1180 1723 1299 1790 domiui
1311 1723 1445 1804 Ernesti,
1467 1723 1697 1808 archicpiscopi

387 1813 678 1896 magdeburgensis
698 1821 730 1879 et
745 1813 1026 1879 Halberstadensis
1047 1812 1252 1879 ecclesiarum
1264 1813 1538 1892 administratoris,
1560 1811 1698 1878 vicarius

387 1903 427 1968 in
449 1901 683 1985 pontificalibus
704 1922 762 1986 per
780 1903 943 1968 civitatem
965 1909 997 1967 et
1017 1901 1159 1968 diocesin
1181 1901 1480 1968 Halbcrstadeusem
1501 1901 1697 1990 constitutus,

387 1992 527 2057 salutm
548 1997 581 2055 et
599 1992 781 2057 continuum
802 1991 1028 2056 incrementum
1049 1990 1213 2056 celestium
1233 1993 1415 2074 gratiarum.
1458 1991 1599 2056 Hiucest
1614 1989 1697 2072 quod

387 2100 451 2146 nos
471 2080 530 2144 sub
550 2100 634 2146 anno
654 2079 774 2146 domiui
795 2079 1046 2145 11001101101111ο
1067 2079 1194 2146 decima
1208 2080 1345 2164 septima
1359 2081 1493 2163 Augusti
1517 2077 1697 2144 reconcilia·

388 2169 672 2252 vimusoapellam
694 2169 796 2248 sancti
817 2168 962 2234 Silvestri
988 2168 1022 2232 iu
1043 2169 1235 2234 monasterio
1255 2169 1427 2250 Portaceli,
1453 2169 1574 2234 ordinis
1595 2167 1698 2232 saneti

388 2257 562 2340 Augustini
571 2259 594 2338 ¹,
615 2262 648 2322 et
669 2276 764 2322 unum
784 2256 887 2321 altare
907 2255 987 2321 inibi
1005 2258 1259 2322 consecravimus
1281 2258 1313 2321 in
1336 2257 1453 2323 honore
1477 2263 1587 2322 sancte
1609 2255 1698 2322 trini·

389 2348 469 2412 tatis
492 2351 525 2411 et
551 2352 730 2411 sauctorum
751 2345 911 2425 Silvestri,
939 2345 1086 2427 Georgii,
1107 2345 1259 2412 Iohannis
1280 2347 1503 2428 ewangeliste,
1526 2346 1696 2421 Valentini,

389 2435 559 2514 Gereonis,
580 2435 744 2520 Dyonisii,
765 2434 909 2515 Nicolai,
930 2434 1082 2512 Erbardi,
1103 2434 1226 2517 lodoci,
1248 2435 1361 2516 Rochi,
1386 2436 1523 2516 Onofrii,
1544 2435 1697 2514 Servacii,

390 2523 498 2604 Teele,
518 2523 706 2606 Margarete,
726 2525 867 2590 Barbare
886 2530 919 2589 et
939 2523 1036 2590 Otilie
1057 2524 1207 2608 virginis,
1228 2531 1260 2589 et
1280 2525 1368 2590 cuius
1389 2525 1605 2591 dedicacionis
1626 2524 1695 2588 dies

388 2611 551 2676 dominica
576 2613 721 2696 proxima
746 2620 820 2698 post
844 2612 1013 2678 Laureooii
1035 2612 1155 2678 ibidem
1180 2615 1341 2697 perpetuis
1362 2615 1475 2679 suturis
1501 2613 1696 2696 temporibus

390 2701 580 2782 celebretur,
606 2701 754 2784 congruis
779 2701 934 2766 habeatur
954 2702 1138 2766 reverencia
1159 2709 1190 2766 et
1211 2701 1327 2766 honore
1349 2709 1379 2766 et
1401 2721 1420 2765 a
1441 2703 1697 2768 christifidelibus

388 2791 507 2872 ingiter
523 2789 759 2873 frequententur
778 2800 810 2856 et
831 2791 1065 2870 honorenturli).
1096 2791 1250 2858 Omnibus
1272 2791 1367 2873 igitur
1386 2810 1460 2856 vere
1481 2791 1697 2874 penitentibus

388 2886 422 2944 et
442 2877 608 2959 confessis,
628 2881 682 2962 qui
704 2877 747 2943 ad
767 2881 869 2945 altare
890 2880 1066 2964 predictum
1088 2899 1186 2944 causa
1207 2879 1403 2956 devocionis,
1425 2879 1696 2962 peregrinaciouis

387 2966 441 3034 vel
462 2968 634 3051 oracionis,
660 2970 823 3054 presertim
845 2969 878 3033 iu
900 2968 1117 3034 dedicacionis
1138 2988 1192 3034 seu
1214 2976 1417 3054 patronorum
1438 2969 1539 3052 ipsius
1560 2967 1696 3034 solenni-

387 3057 510 3122 tatibus
530 3057 741 3139 visitaverint,
761 3059 884 3133 missas,
902 3056 1140 3141 predicaciones
1161 3075 1215 3122 seu
1237 3056 1302 3121 alia
1322 3055 1434 3122 divina
1453 3055 1559 3122 officia
1577 3055 1695 3120 ibidem

388 3145 565 3226 audierint,
596 3145 825 3212 celebraverint
851 3145 902 3212 vel
929 3145 1082 3210 celebrari
1108 3145 1255 3224 iecerint,
1284 3145 1461 3210 oracionem
1495 3143 1696 3223 dominicam,

388 3235 618 3300 salutacionem
648 3235 825 3318 angelicam
858 3253 914 3299 seu
945 3234 1029 3298 alias
1059 3234 1192 3299 devotas
1223 3234 1387 3299 oraciones
1414 3233 1454 3298 ob
1481 3233 1696 3298 reverenciam

387 3330 594 3408 patronorum
634 3330 667 3388 et
697 3323 882 3408 ymaginum
915 3329 1169 3388 consecratarum
1201 3321 1315 3406 prefati
1348 3321 1473 3396 altaris,
1505 3321 1607 3386 eciam
1638 3340 1696 3404 pro

387 3411 648 3477 reverendissimi
670 3412 703 3476 iu
724 3411 849 3476 Christo
869 3412 972 3495 patris
992 3411 1176 3495 supradicti,
1199 3419 1314 3492 nostro,
1336 3411 1498 3492 tociusque
1520 3409 1697 3474 christiani-

388 3501 466 3566 tatis
490 3519 531 3564 ac
551 3499 713 3584 provincie
733 3505 818 3563 statu
836 3499 923 3564 felici
946 3505 978 3564 et
998 3499 1169 3582 tranquillo
1191 3500 1284 3566 deum
1317 3501 1371 3582 pie
1392 3501 1607 3580 exoraverint;
1634 3499 1697 3565 hiis

388 3609 480 3668 vcro,
508 3591 561 3670 qui
580 3587 622 3651 ad
644 3593 829 3654 ornamenta
852 3587 1050 3654 melioranda
1069 3589 1120 3652 vel
1142 3588 1379 3672 augmentanda
1399 3609 1456 3674 pro
1477 3589 1586 3655 divino
1612 3588 1697 3654 cultu

387 3677 471 3743 inibi
499 3676 683 3742 neccssaria
709 3697 821 3742 manus
843 3677 1079 3759 quomodolibet
1106 3679 1304 3762 porrexerint
1332 3677 1517 3760 adiutrices,
1547 3679 1697 3761 quociens

388 3768 546 3850 premissa
580 3765 631 3831 vel
671 3764 793 3848 aliquid
836 3785 943 3830 eorum
986 3767 1042 3851 pia
1077 3773 1183 3832 mente
1222 3767 1367 3846 iecerint,
1407 3769 1527 3833 tociens
1569 3768 1615 3833 eis
1655 3766 1696 3830 de

387 3855 615 3938 omnipotentis
650 3854 704 3918 dei
735 3853 953 3920 misericordia
989 3861 1022 3919 et
1056 3855 1219 3920 beatorum
1250 3855 1336 3920 Petri
1367 3859 1398 3920 et
1428 3856 1534 3937 Pauli,
1572 3860 1695 3940 aposto-

387 3943 489 4010 lorum
529 3942 615 4022 eius,
652 3943 841 4007 auctoritate
872 3941 981 4006 confisi
1019 3952 1170 4024 quantum
1209 3961 1279 4007 cum
1317 3943 1443 4009 domino
1481 3951 1513 4008 et
1548 3943 1588 4007 de
1628 3943 1696 4008 iure

387 4050 556 4115 possumus
573 4029 632 4094 XL
651 4030 721 4094 diss
746 4030 1020 4112 indulgenciamm
1046 4031 1086 4097 de
1113 4031 1264 4096 iniunctis
1291 4032 1338 4097 eis
1362 4033 1552 4114 penitenoiis
1577 4031 1695 4096 miseri-

387 4119 526 4187 corditer
550 4119 584 4184 in
611 4119 737 4184 domiuo
757 4121 953 4201 relaxamus,
981 4121 1144 4185 voluntate
1169 4119 1321 4186 ordinarii
1350 4120 1392 4184 ad
1412 4121 1470 4186 hoo
1491 4129 1695 4187 concurrente

387 4211 510 4294 pariter
529 4215 562 4274 et
598 4227 760 4275 consensu.
813 4209 892 4274 ltem
923 4208 1070 4275 dominus
1102 4215 1209 4274 noster
1241 4214 1301 4273 eto.
1337 4208 1537 4292 supradictus
1568 4209 1695 4293 proprio

388 4307 475 4365 motu
499 4298 575 4363 vive
600 4298 688 4364 vocis
712 4298 840 4364 oraculo
866 4297 969 4363 eciam
996 4297 1086 4364 dedit
1106 4297 1301 4383 temporibus
1326 4298 1517 4382 supradictis
1543 4299 1601 4363 XL
1626 4298 1695 4364 dies

387 4387 679 4471 indulgentiarum,
721 4387 800 4452 item
836 4385 895 4452 XL
933 4407 991 4470 pro
1033 4387 1127 4472 pulsu
1164 4387 1303 4454 serotino
1340 4394 1372 4451 et
1407 4388 1576 4469 matutino,
1619 4389 1694 4452 item

389 4477 448 4542 XL
467 4477 539 4542 dies
570 4476 612 4542 ad
643 4476 816 4560 quamlibet
846 4477 1029 4560 ymaginem
1061 4476 1184 4559 capelle
1215 4481 1446 4558 consecratam,
1481 4484 1513 4542 et
1544 4476 1694 4560 precipue
