4459 5167
537 282 591 337 282
792 285 1076 342 Cistercienserinnen-
1095 286 1313 356 (Heiligcnblut-)
1331 288 1590 345 issostchuterler.

637 432 746 497 roclcbc
772 434 906 512 toarciae
935 438 970 515 ¹l2
991 436 1092 499 Morio
1124 438 1194 500 tend
1225 439 1276 500 εἰη
1302 438 1434 519 Fttnptet
1462 438 1586 516 ziason,
1612 439 1669 521 fiir
1697 440 1719 502 5
1747 438 1860 504 Mare

637 532 706 594 ond
728 531 818 595 einero
848 532 997 613 Vicrrlr'rrp
1019 534 1196 599 sclaworecn
1217 534 1339 600 &lbera

618 656 735 720 Datum
756 675 839 722 anno
860 656 980 722 domini
1001 658 1289 741 M⁰GCC⁰XXXV⁰,
1308 660 1340 725 in
1363 662 1416 726 die
1437 661 1525 728 beati
1543 662 1675 747 Georgii
1696 663 1860 729 martiris.

608 781 757 835 Gedraclct:
777 781 932 839 Drauccmr
954 783 1126 839 Urkwndonb.
1148 789 1191 839 78.

1062 930 1314 941 --——-.-...-—.-...

537 938 649 1023 1335.
676 940 764 1023 Mai
779 941 839 1023 13.
1782 947 1854 1028 88.

636 1076 709 1141 Das
742 1078 782 1143 K
785 1078 875 1143 lucter
909 1078 1109 1144 Wolltcnrted
1143 1080 1290 1160 ocrlrortft
1324 1082 1393 1145 dem
1430 1079 1564 1143 Prr'cstor
1595 1080 1752 1145 Nicotaus
1792 1103 1856 1146 vore

637 1174 754 1239 &odere
779 1196 820 1241 eo
849 1175 1001 1241 Wuterlcr
1027 1178 1096 1240 cirac
1115 1177 1205 1260 Herse
1232 1198 1274 1243 eu
1304 1178 1408 1259 Odorp
1439 1182 1496 1261 fiir
1524 1183 1570 1244 20
1590 1178 1691 1242 Marlr
1718 1178 1854 1257 Sttoers,

637 1272 836 1338 walcherum
856 1274 972 1339 Bestcrr
992 1275 1075 1339 tures
1094 1275 1194 1357 Hofes
1214 1275 1357 1341 &bacen
1378 1277 1548 1340 ocrwerrdct
1567 1276 1649 1340 sind.

616 1406 682 1472 Nos
702 1408 799 1472 frater
819 1406 1028 1473 Eckcbardus
1047 1407 1152 1473 dictus
1172 1409 1273 1475 abbas
1293 1408 1325 1473 in
1344 1408 1578 1475 Walkenredcn
1601 1416 1749 1491 totusque
1774 1430 1853 1475 con-

536 1503 649 1561 ventus
666 1496 823 1560 universis
844 1495 961 1561 Christi
982 1496 1130 1562 fidelibus
1151 1504 1258 1563 uotum
1279 1516 1348 1562 csse
1369 1498 1513 1581 cupimus
1540 1505 1571 1564 ct
1591 1498 1717 1581 publice
1741 1508 1852 1582 prote

535 1593 655 1651 stamur
674 1592 740 1650 tam
761 1585 961 1668 presentibus
981 1604 1076 1667 quam
1096 1588 1248 1669 posteris,
1274 1586 1358 1670 quod
1385 1592 1516 1668 urgente
1541 1607 1599 1653 nos
1625 1589 1717 1669 gravi
1746 1607 1852 1653 onere

535 1675 711 1740 debitorum
748 1675 906 1740 communi
937 1680 1073 1739 tractatu
1103 1681 1136 1739 et
1167 1682 1291 1741 matura
1326 1675 1559 1741 deliberacione
1592 1676 1770 1761 prehabitis
1806 1676 1851 1741 de

536 1762 677 1827 unanimi
698 1782 853 1828 consensu
874 1763 1012 1828 omnium
1033 1771 1209 1829 nostrorum
1228 1770 1260 1829 et
1281 1765 1485 1846 singulorum,
1506 1784 1637 1847 quorum
1658 1766 1795 1831 interest
1817 1772 1852 1831 et

535 1854 688 1919 interesse
709 1853 840 1936 poterit,
867 1870 964 1919 unum
982 1872 1127 1919 mausum
1147 1856 1323 1919 cumomni
1345 1856 1537 1938 proprietate
1555 1861 1587 1919 et
1614 1855 1682 1920 iure
1708 1856 1850 1921 liberum

535 1950 568 2008 at
588 1943 723 2008 solutum
744 1942 785 2007 ab
812 1942 898 2007 omni
923 1941 1141 2009 decimacione
1165 1944 1261 2009 situm
1286 1944 1319 2007 in
1348 1944 1469 2027 campis
1488 1942 1612 2029 Ordorp
1641 1942 1851 2010 vendidimus

535 2034 662 2099 domino
682 2032 826 2115 Nycolao
846 2032 887 2096 dc
907 2031 1042 2113 Staden,
1063 2034 1221 2099 sacerdoti
1242 2034 1274 2097 in
1296 2032 1485 2113 Wetcrlcre,
1514 2052 1570 2117 pro
1590 2032 1707 2114 viginti
1727 2032 1850 2099 marcis

536 2122 655 2188 usualis
675 2122 800 2204 argenti
819 2122 911 2187 nobis
934 2142 954 2187 a
974 2121 1116 2205 predicto
1138 2122 1282 2203 Nyoolao
1311 2123 1433 2204 integre
1462 2122 1629 2205 persolutis
1656 2127 1689 2187 et
1715 2120 1748 2187 in
1777 2122 1849 2187 evi·

535 2212 647 2277 dentes
668 2229 743 2275 usus
763 2219 869 2277 nostre
889 2212 975 2277 curie
996 2212 1129 2278 Scowen
1151 2214 1215 2279 iam
1236 2214 1405 2277 conversis.
1447 2212 1497 2277 De
1519 2212 1590 2295 ipso
1611 2215 1716 2276 autem
1730 2230 1848 2278 manso

535 2301 677 2385 predicto
698 2300 826 2366 domino
846 2301 988 2384 Nycolao
1013 2302 1165 2384 emptori,
1195 2301 1223 2367 si
1250 2301 1379 2383 aliquod
1408 2300 1658 2384 inpedimentum
1686 2298 1846 2375 babuerit,

534 2390 731 2456 iratundiam
753 2391 964 2474 prestabimus
984 2397 1017 2454 et
1036 2398 1223 2474 prestamus.
1264 2390 1489 2455 Promissorum
1510 2394 1607 2454 tostos
1629 2393 1715 2454 sunt:
1744 2390 1847 2455 frater

534 2481 690 2545 Henricns
718 2478 759 2544 dc
785 2480 1004 2555 Bruneswicb‚
1031 2479 1130 2544 irater
1155 2479 1374 2562 Heydenricus
1401 2478 1504 2544 dictus
1530 2478 1716 2561 Pampowc,
1744 2478 1847 2543 irater

533 2568 692 2635 Iohannes
710 2568 856 2654 Crispus,
877 2570 974 2635 trater
994 2569 1180 2635 Ditbmarus
1198 2567 1239 2634 de
1260 2567 1504 2651 Wernigerode,
1525 2567 1719 2648 sacerdotem
1743 2568 1845 2633 irater

534 2657 692 2723 Aruoldus
717 2659 837 2723 aratril
865 2658 1031 2741 magister,
1063 2660 1161 2723 frater
1188 2657 1353 2723 Conradus
1381 2659 1497 2741 pistor,
1529 2655 1626 2721 frater
1651 2656 1844 2723 Thidericus

533 2748 736 2829 Bcrcbbrdge
756 2755 787 2813 et
807 2749 904 2813 frater
925 2747 1081 2812 lohannes
1101 2747 1142 2811 de
1165 2746 1261 2824 Dale,
1290 2747 1444 2811 conversi.
1485 2747 1523 2811 In
1551 2746 1598 2811 rei
1625 2747 1843 2811 testimoninm

533 2836 674 2920 sigillum
694 2843 833 2902 nostrum
854 2836 1056 2920 presentibus
1076 2834 1223 2901 duximus
1244 2834 1476 2919 apponendum.

612 2926 731 2991 Datum
753 2944 837 2989 anno
858 2925 979 2991 domini
999 2924 1260 3007 M⁰OCO⁰XXX⁰,
1288 2926 1320 2989 in
1348 2923 1400 2989 die
1421 2924 1507 2989 beati
1527 2924 1671 2990 Servacii
1694 2922 1841 3009 episcopi

533 3022 566 3080 ct
584 3015 782 3081 confessoris.

607 3131 713 3186 Uracbr.
729 3132 818 3185 Wem
838 3131 888 3185 mc
905 3130 1110 3199 anhaapendem
1123 3130 1306 3199 beecbddr'ptca
1316 3130 1476 3198 epiteouolen
1484 3130 1568 3201 Siepcl
1579 3130 1611 3183 in
1620 3130 1721 3184 rothem
1732 3130 1840 3185 Wocbs.

532 3232 565 3242 -
585 3202 647 3270 Aa!
663 3202 862 3257 dchttctaa'te
878 3200 962 3267 βιαία
978 3200 1036 3255 er‘cb
1050 3218 1101 3254 oon
1120 3201 1193 3255 einer
1202 3200 1290 3254 Hand
1304 3201 1349 3255 des
1368 3204 1408 3255 15.
1418 3202 1514 3257 tatae.
1533 3201 1576 3255 dre
1590 3200 1711 3270 Aapabe:
1730 3200 1840 3256 littera

532 3274 638 3398 gnbgttgs
642 3273 979 3409 A(inungialbenlr)edaemstr'1per
998 3289 1050 3326 uno
1066 3288 1158 3327 manso
1175 3272 1421 3341 liberacomparato
1440 3273 1584 3327 aclanstro
1598 3288 1645 3325 suo
1659 3272 1694 3326 ad
1709 3271 1839 3339 capellam

534 3545 648 3627 1335.
675 3545 913 3628 December
932 3547 993 3629 18.
1020 3546 1316 3629 llalborstadt.
1770 3545 1837 3625 89.

633 3679 791 3757 Albrecht,
813 3680 945 3763 Bisdtot
963 3702 1022 3745 oon
1042 3682 1258 3765 Hclberstcdt,
1283 3683 1348 3764 pibt
1367 3683 1428 3746 den
1448 3681 1487 3745 K
1490 3680 1777 3762 locterjcopfroueo
1796 3698 1838 3743 eo

633 3776 787 3842 Wuterlcr
807 3778 867 3842 den
883 3778 1197 3845 Ncubmcbseeboten
1213 3801 1272 3845 oon
1287 3780 1370 3845 scobs
1381 3778 1544 3844 irrrtcrlrolb
1556 3779 1611 3843 der
1629 3776 1837 3857 occeanum

632 3876 686 3939 des
705 3875 908 3958 Klostcrhofs
926 3876 1088 3958 pelepcncn
1109 3878 1252 3959 Morpcn.

612 4001 648 4065 ln
681 4003 807 4066 nomine
837 4001 958 4068 domini
988 4005 1098 4069 Amen.
1150 4003 1298 4069 Albertus
1333 4003 1386 4069 dei
1423 4003 1528 4085 gratia
1557 3998 1837 4066 Halbcrstadcnsis

531 4090 665 4155 ecclesie
690 4091 858 4174 episcopus
883 4092 1029 4157 omnibus
1055 4092 1089 4156 in
1113 4100 1309 4177 perpetuum.
1351 4092 1447 4157 Moris
1477 4098 1525 4155 est
1553 4089 1723 4176 approbati
1751 4087 1836 4171 apud

530 4179 706 4262 sapientes,
726 4186 775 4259 ut,
794 4180 879 4262 qnod
900 4180 942 4245 ab
963 4180 1011 4246 eis
1031 4180 1091 4244 rite
1111 4188 1143 4245 et
1162 4182 1401 4247 racionabiliter
1419 4181 1546 4263 geritur,
1568 4182 1602 4245 in
1624 4179 1744 4262 scripta
1764 4196 1836 4242 auc

531 4270 650 4333 tentica
668 4268 839 4350 redigatur,
862 4288 901 4332 ne
923 4269 1065 4333 versucie
1087 4269 1373 4353 calumpniancium
1394 4270 1427 4333 in
1450 4277 1608 4353 posterum
1630 4272 1739 4353 pateat
1755 4267 1837 4330 ullus

531 4358 626 4423 locus.
668 4357 751 4423 Hinc
771 4366 828 4439 cst,
849 4357 933 4439 quod
954 4359 1208 4440 recognoscimus
1224 4365 1256 4423 et
1267 4359 1467 4443 presentibus
1480 4358 1606 4443 publice
1617 4362 1835 4453 protestamur²

531 4444 615 4531 quod
631 4463 689 4510 nos
701 4446 778 4509 moti
793 4452 927 4531 patemo
936 4446 1052 4511 affectu
1065 4447 1150 4511 circa
1160 4447 1369 4533 pauperculas
1384 4446 1641 4515 sanctimoniales
1653 4444 1836 4513 monasterii
