4459 5167
501 342 550 397 132
814 342 978 411 Augustiner
995 339 1248 396 Eiuaiedlerkloster
1265 335 1493 409 Himmelpforten.

499 495 612 575 1324.
644 494 827 575 October
844 492 904 574 31.
1548 568 1551 573 ,
1736 488 1803 572 50.

598 629 764 693 Friedrich
792 629 861 693 urrd
881 629 1034 705 Koarad,
1066 628 1190 709 Grafeu
1211 648 1252 692 ru
1282 627 1512 708 ll'eruiperodc,
1542 625 1715 707 eerhcufea
1736 627 1806 688 deur

602 726 730 789 chslcr
755 726 1015 808 Hinemelpforten
1043 728 1127 805 fiiri-f
1142 725 1268 805 Hersen,
1298 726 1388 787 eirea
1407 724 1480 804 Hof
1499 724 1568 785 rrrrd
1590 727 1648 803 5¹52
1670 723 1806 803 Morpcrr

604 824 829 889 ll'icseurruchs
848 844 889 887 err
910 823 1173 902 hlurhliuperode.
1787 894 1790 901 Ι

577 941 613 1004 In
629 941 641 1022 h
655 942 782 1004 nomine
802 946 912 1003 sancte
932 946 964 1002 et
987 936 1151 1001 individue
1172 937 1323 1001 trinitatis
1346 957 1447 1002 arnen.
1476 937 1543 1001 Nos
1563 936 1751 1001 Frederieus
1773 941 1806 1001 et

495 1030 658 1097 Convadus
683 1029 734 1093 dei
756 1029 862 1109 gratia
883 1028 1013 1091 comites
1034 1027 1066 1089 in
1088 1025 1319 1107 ll⁷e1·ningrode
1339 1028 1495 1090 universis
1517 1032 1580 1089 tam
1602 1026 1803 1109 presentibus

494 1140 587 1201 quam
610 1118 722 1182 l'uturis
742 1118 788 1181 rei
807 1122 896 1199 geste
917 1116 1062 1179 notitiam
1084 1134 1154 1179 cum
1174 1115 1325 1179 memoria
1347 1115 1604 1198 subscriptorum.
1637 1114 1721 1192 Quia
1742 1134 1803 1196 que

494 1213 644 1291 geruntur
657 1207 689 1269 in
712 1212 860 1288 tempore,
882 1204 973 1268 simul
995 1223 1065 1267 curm
1087 1210 1226 1286 ternpore
1241 1203 1433 1283 dilabuntur,
1454 1206 1481 1266 ei
1499 1223 1561 1267 non
1581 1224 1658 1268 voce
1674 1205 1802 1268 testium

493 1306 548 1360 aut
559 1296 732 1359 litterarum
741 1294 920 1357 testimonio
931 1293 1123 1372 muniantur,
1140 1291 1283 1375 proinde,
1301 1300 1333 1354 ut
1349 1312 1389 1356 ea
1402 1312 1463 1373 que
1477 1312 1498 1356 a
1511 1293 1604 1357 nobis
1621 1301 1714 1374 gesta
1729 1301 1802 1357 sunt

493 1386 587 1451 robur
607 1384 735 1447 valeant
755 1383 912 1465 optinere,
935 1382 1128 1462 singulorum
1150 1381 1261 1444 notitie
1284 1381 1483 1463 presentibus
1504 1381 1716 1462 declaramus,
1744 1402 1803 1446 nos

493 1496 531 1539 ex
554 1491 706 1538 consensu
731 1479 764 1535 et
790 1472 922 1535 arbitrio
949 1476 1124 1535 nostrorum
1154 1469 1304 1533 heredum
1326 1471 1464 1533 omnium
1491 1471 1633 1535 unanimi
1662 1473 1802 1552 quinque

493 1583 635 1643 mansos,
664 1581 759 1625 unam
789 1562 908 1624 curiam
935 1570 966 1624 et
995 1560 1134 1640 quinque
1160 1560 1271 1640 iugera
1292 1578 1363 1622 cum
1385 1559 1518 1623 dimidio
1545 1562 1724 1641 graminum
1745 1580 1801 1625 seu

492 1654 525 1718 in
548 1654 662 1736 pratis,
688 1652 766 1714 sitos
793 1650 826 1712 iu
857 1650 979 1730 campis
1008 1656 1039 1712 et
1060 1648 1139 1710 villa
1159 1647 1432 1727 Marcklingrode,
1461 1668 1532 1710 cum
1557 1649 1703 1713 omnihus
1731 1669 1801 1731 per·

492 1742 636 1809 tinentiis
663 1742 746 1804 intra
771 1738 821 1801 vel
843 1744 933 1802 extra
959 1744 1050 1820 septa
1076 1736 1217 1800 eiusdem
1237 1736 1312 1799 ville
1333 1737 1365 1799 in
1388 1736 1525 1820 campis,
1547 1738 1674 1819 pascuis
1695 1738 1744 1801 vel
1767 1738 1799 1801 in

491 1832 593 1916 pratis
621 1828 779 1912 quondam
815 1847 872 1911 per
899 1826 1059 1891 dominum
1088 1824 1301 1906 'l'hydericum
1330 1824 1447 1889 dictum
1477 1827 1518 1889 de
1543 1825 1802 1908 hlareklingrode

492 1920 637 1999 militem,
660 1937 780 1981 necnon
803 1934 860 1997 per
882 1914 1009 1979 fratrem
1032 1933 1122 1977 suurn
1144 1912 1328 1976 Bartoldum
1350 1914 1431 1977 bone
1451 1915 1600 1978 memorie
1625 1934 1801 1997 possessos,

492 2028 561 2072 cum
595 2007 757 2082 libertate,
789 2003 1000 2086 proprietate,
1032 2002 1192 2065 usufructu
1222 2010 1255 2065 et
1282 2001 1422 2066 dominio
1452 2002 1572 2085 absque
1600 2006 1686 2067 omni
1713 2005 1802 2087 inpe-

491 2097 607 2159 ticione
626 2092 855 2157 iurisdictionis
873 2091 1085 2171 cuiuscunque
1102 2090 1198 2173 priori
1208 2096 1239 2153 et
1250 2092 1418 2155 conventui
1430 2091 1560 2156 hatrum
1579 2093 1801 2157 heremitarum

492 2185 613 2249 ordinis
639 2182 740 2247 sancti
763 2180 934 2262 Augustini
962 2180 995 2242 in
1022 2178 1118 2242 Porta
1138 2180 1206 2242 (leli
1237 2198 1294 2261 pro
1321 2180 1514 2259 nonagintal
1542 2198 1598 2243 seu
1625 2182 1740 2245 marcis
1768 2189 1801 2245 et

491 2293 553 2337 uuo
584 2274 704 2336 fertone
734 2270 857 2350 argenti
880 2267 1052 2332 examinati
1076 2266 1355 2331 llalberstadensis
1376 2268 1526 2350 ponderis
1551 2269 1669 2333 liberos
1689 2270 1800 2335 vendi·

490 2362 584 2427 disse.
626 2362 727 2436 Quam
750 2359 919 2441 pecuniam
940 2357 1004 2420 iam
1027 2356 1105 2419 dicti
1126 2357 1239 2420 iratres
1260 2356 1432 2421 secundum
1453 2357 1602 2422 internos
1618 2360 1799 2423 condictum

489 2451 656 2516 terminum
682 2448 809 2513 statutis
830 2446 1024 2529 temporibus
1045 2444 1138 2509 nohis
1161 2445 1360 2526 integraliter
1381 2447 1613 2529 persolveruut3
1640 2468 1734 2529 quam
1757 2449 1798 2513 ob

490 2561 556 2605 rem
584 2540 647 2617 ius,
678 2536 919 2620 proprietatem,
945 2534 1178 2617 possessionem
1200 2542 1232 2598 et
1250 2534 1422 2598 dominium
1449 2541 1480 2599 et
1501 2555 1685 2618 quecunque
1706 2538 1799 2602 nobis

490 2636 546 2693 aut
574 2628 689 2691 nostris
718 2623 887 2688 heredibus
913 2624 1028 2685 intuitu
1056 2622 1211 2685 dictorum
1237 2642 1416 2687 mansorum
1440 2642 1495 2687 seu
1517 2626 1735 2706 spectaucium
1755 2626 1799 2691 ad

440 2726 443 2734 '
490 2717 616 2783 eosdem
647 2714 801 2778 deberent
831 2719 886 2775 aut
916 2718 1046 2795 possent
1077 2712 1108 2773 in
1142 2719 1298 2793 posterum
1330 2711 1511 2794 suffragari,
1543 2732 1601 2777 nos
1632 2733 1671 2778 ac
1700 2716 1799 2779 nostri

491 2806 623 2871 heredes
644 2803 844 2883 resignantes
856 2806 888 2863 et
909 2800 1143 2879 transferentes,
1165 2800 1277 2864 damus
1298 2806 1330 2863 et
1349 2800 1503 2864 donamus
1517 2802 1644 2867 eosdem
1661 2824 1799 2886 mansos,

490 2896 619 2973 curiam,
641 2894 753 2975 iugera
774 2891 842 2954 sive
865 2896 956 2972 prata
978 2909 1047 2953 curn
1068 2889 1212 2953 omnibus
1234 2890 1438 2973 pertinenciis
1459 2891 1491 2953 in
1515 2893 1647 2975 eampis,
1669 2894 1798 2975 pascuis

489 2984 540 3047 vel
568 2982 601 3045 in
628 2980 729 3062 pratis
754 2981 837 3041 intra
866 2977 915 3042 vel
941 2985 1031 3042 extra
1051 2978 1162 3042 villam
1183 2986 1400 3061 prenarratanr
1428 2980 1620 3061 supradietis
1648 2982 1798 3047 tiatribus

489 3076 521 3136 in
544 3071 638 3133 Porta
661 3068 818 3133 celicum
841 3067 927 3129 omni
948 3066 1024 3147 iure,
1046 3068 1255 3149 proprietate,
1279 3068 1437 3131 usufructu
1460 3076 1492 3131 et
1512 3069 1652 3133 dominio
1672 3070 1705 3134 in
1728 3090 1797 3152 per·

490 3166 619 3244 petuam
646 3158 727 3221 iusto
759 3155 969 3237 possessionis
996 3162 1027 3219 et
1053 3155 1235 3219 donationis
1262 3155 1353 3218 titulo
1385 3155 1484 3219 libere
1517 3156 1725 3240 possidendos
1757 3178 1797 3223 ea

489 3249 644 3327 libertate,
664 3246 855 3329 proprietate
871 3252 901 3308 et
918 3245 995 3308 iuris
1006 3244 1108 3324 modo,
1127 3263 1188 3325 quo
1200 3244 1249 3308 vel
1261 3264 1324 3325 qua
1341 3263 1362 3305 a
1376 3244 1468 3308 nobis
1485 3264 1554 3307 cum
1570 3247 1797 3327 atteuentiistl)

488 3336 620 3420 prel'atis
648 3333 830 3398 iamdudum
861 3334 942 3396 iusto
967 3334 1058 3397 titulo
1084 3333 1184 3397 libere
1219 3341 1292 3396 sunt
1319 3334 1470 3414 possessi,
1503 3334 1548 3397 ita
1584 3341 1617 3398 ut
1650 3336 1681 3398 in
1716 3338 1797 3419 ipsis

488 3424 608 3487 mansis
630 3442 700 3485 curn
726 3422 926 3503 pertinentiis
958 3422 1131 3487 secuudum
1158 3423 1290 3485 formam
1323 3422 1463 3486 debitam
1494 3424 1664 3505 resignatis
1697 3427 1794 3489 nostri

488 3512 622 3577 heredes
650 3510 698 3574 vel
726 3512 902 3592 quicunque
933 3510 989 3574 alii
1022 3530 1085 3575 non
1116 3510 1240 3593 possint
1271 3528 1330 3572 nec
1357 3509 1494 3573 debeant
1525 3512 1585 3575 sibi
1622 3512 1795 3595 quidquam

489 3600 731 3680 iurisdictionis,
759 3600 977 3684 proprietatis,
1006 3600 1175 3683 potestatis
1201 3604 1257 3661 aut
1282 3597 1414 3661 dominii
1443 3600 1678 3680 quomodolibet
1710 3621 1796 3665 usur-

487 3709 578 3772 pa1·e;
600 3689 743 3753 volentes
754 3694 784 3751 et
799 3687 963 3768 addentes,
984 3696 1018 3751 ut
1038 3688 1115 3751 dicti
1138 3687 1251 3749 iratres
1272 3688 1315 3749 uti
1339 3686 1462 3769 possint
1473 3689 1573 3754 libere
1584 3691 1712 3773 pascuis
1729 3700 1794 3754 tam

487 3796 647 3841 nemorum
680 3796 774 3858 quam
803 3796 999 3859 camporum,
1032 3776 1146 3857 quibus
1172 3774 1316 3839 homines
1342 3775 1417 3839 ville
1445 3778 1565 3859 pretate
1591 3780 1637 3841 uti
1666 3797 1795 3843 consue-

486 3872 614 3946 verunt,
637 3867 853 3948 promittentes
875 3867 1003 3947 insuper
1024 3864 1173 3927 fratribus
1194 3863 1360 3946 prelibatis
1383 3884 1446 3929 una
1467 3866 1560 3929 simul
1582 3886 1653 3930 cum
1678 3869 1795 3932 nostris

486 3955 657 4021 heredibus
677 3976 783 4021 veram
806 3963 837 4020 et
858 3954 1033 4037 legitimam
1055 3951 1267 4026 vvarandiam‚
1294 3953 1553 4036 quandocumque
1575 3961 1607 4019 et
1633 3957 1795 4038 quociens-

487 4065 619 4127 cumque
641 4065 769 4109 neccsse
793 4042 961 4108 habuerint
987 4041 1037 4105 vel
1064 4040 1196 4103 anobis
1217 4043 1395 4106 curaverint
1417 4043 1585 4125 postulare.
1627 4044 1676 4107 Ne
1697 4045 1794 4126 igitur

487 4134 560 4198 huic
580 4133 769 4209 venditioni,
792 4130 1015 4213 resignationi,
1036 4129 1235 4193 translationi
1255 4137 1292 4194 et
1313 4132 1476 4194 donationi
1500 4132 1599 4197 libere
1621 4131 1794 4215 quidquam

487 4246 507 4289 a
529 4243 686 4306 quoquam
706 4232 880 4288 nostrorum
903 4216 1051 4283 heredum
1069 4224 1126 4281 aut
1146 4217 1186 4281 ab
1206 4219 1279 4282 aliis
1296 4220 1543 4303 quibuscumque
1560 4221 1592 4285 in
1604 4221 1794 4286 contrarium

487 4314 587 4396 possit
608 4320 663 4376 aut
683 4313 790 4377 valeat
815 4306 1010 4390 attemptari,
1039 4314 1216 4389 presentem
1244 4310 1397 4391 paginam
1425 4307 1500 4373 inde
1528 4312 1739 4394 conscriptam
1761 4313 1795 4376 in

487 4404 580 4467 robur
596 4404 802 4467 certissimum
825 4396 940 4477 sigillis
962 4396 1077 4460 nostris
1100 4395 1273 4479 sepedictis
1295 4398 1444 4461 fratribus
1457 4397 1602 4462 dedimus
1618 4399 1794 4482 perhenne-

486 4501 559 4559 tam.
601 4492 714 4556 Testes
736 4496 840 4554 autem
854 4484 1055 4567 venditionis,
1077 4485 1313 4566 resignationis,
1336 4486 1554 4551 translationis
1567 4495 1598 4552 ct
1609 4488 1792 4554 donationis
