4459 5167
930 330 976 385 Nr.
992 332 1034 385 69.
1052 348 1077 387 a.
1097 330 1173 385 1400.
1644 398 1661 427 0
1671 332 1722 387 149

411 479 536 547 lenensi
557 487 589 547 et
609 480 674 545 suis
696 480 930 545 successoribus
949 478 1182 545 archidiaconis
1203 500 1260 565 pro
1280 481 1346 545 suis
1375 480 1496 546 iuribus
1515 480 1722 565 synodalibus

414 571 503 657 apud
525 570 675 657 providos
698 569 781 635 viros
803 569 947 635 consules
968 568 1055 653 opidi
1078 570 1110 633 in
1134 569 1337 635 Derneborcb
1358 570 1443 635 dicte
1462 577 1568 635 nostre
1588 570 1726 635 diocesis

412 664 447 729 in
484 662 565 727 lesto
597 659 699 723 sancti
731 658 818 723 Galli
856 658 990 741 singulis
1022 657 1114 723 annis
1146 659 1238 723 nobis
1269 679 1307 723 ac
1340 658 1469 724 domino
1498 658 1723 726 archidiacono

413 752 594 831 nostrisque
620 748 853 813 successoribus
879 746 1048 813 antedictis
1070 748 1233 831 perpetuis
1253 748 1367 813 futuris
1388 748 1582 831 temporibus
1604 751 1722 832 persol-

412 840 556 908 vendos-⁸·
582 836 775 919 assignavit,
801 837 933 902 donavit
954 844 985 903 et
1007 838 1146 921 presenti
1167 836 1266 901 donat
1285 844 1318 903 et
1339 838 1484 919 assignat
1505 836 1624 903 eisdem
1646 845 1722 902 tem-

412 930 546 1017 poribus
559 927 658 993 liberc
670 932 701 989 et
714 924 846 1009 pacifice
859 924 1079 1009 possidendos,
1091 944 1210 1008 nosque
1227 934 1259 991 et
1272 926 1390 991 dictam
1404 927 1571 993 ecclesiam
1584 934 1723 993 nostram

413 1023 446 1085 in
461 1017 692 1104 possessionem
713 1015 867 1080 dictorum
888 1034 1036 1080 censuum
1056 1021 1165 1079 tenore
1185 1016 1382 1099 presencium
1403 1017 1501 1080 mittit
1517 1016 1721 1101 corporalem,

413 1112 462 1175 ita
478 1106 628 1173 videlicet
641 1110 725 1187 quot,
741 1104 794 1186 qui
810 1104 984 1189 priordicti
1000 1110 1174 1169 conventus
1189 1124 1244 1187 pro
1257 1110 1396 1188 tempore
1406 1106 1563 1171 exstiterit
1571 1108 1607 1185 (l)
1626 1106 1721 1171 debet

415 1198 564 1265 ordinare
586 1203 618 1261 et
639 1201 777 1259 statuere
799 1194 957 1277 ydoneum
979 1192 1174 1257 sacerdotem
1196 1193 1236 1259 de
1257 1213 1314 1258 suo
1335 1201 1505 1269 conventu,
1529 1195 1582 1278 qui
1604 1193 1723 1259 dictam

414 1288 583 1355 ecclesiam
613 1285 645 1348 in
674 1282 841 1347 Hadebere
873 1288 904 1347 et
934 1283 1084 1366 populum
1115 1281 1235 1347 ibidem
1265 1282 1432 1363 degentem
1462 1291 1554 1367 regat
1583 1285 1724 1367 ipsisque

415 1374 635 1445 ecclesiastica
657 1378 854 1457 sacramenta
875 1371 1046 1449 ministret,
1072 1372 1127 1453 qui
1153 1390 1187 1435 sc
1207 1371 1294 1435 dicto
1315 1370 1540 1438 archidiacono
1563 1394 1723 1457 represen-

414 1469 498 1533 tabit
527 1486 566 1530 ac
590 1462 805 1530 obedientiam
838 1460 884 1525 illi
916 1458 1057 1525 debitam
1084 1460 1239 1543 prestabit
1265 1467 1297 1524 et
1326 1468 1509 1527 consuetam
1536 1462 1662 1546 ipsique
1687 1484 1722 1529 se

414 1554 573 1639 obligabit
593 1558 625 1617 et
643 1550 803 1635 promittet
824 1548 976 1614 mandata
996 1567 1055 1613 sua
1070 1547 1225 1613 salutaria
1236 1550 1377 1632 recipcre
1389 1549 1472 1615 velle
1488 1556 1521 1615 ct
1536 1569 1575 1617 ea
1588 1550 1723 1618 fideliter

415 1645 541 1728 exequi,
562 1647 653 1725 prout
663 1646 711 1705 est
722 1644 915 1719 consuetum,
936 1658 973 1702 ac
995 1638 1090 1702 etiam
1112 1638 1244 1703 visitare
1264 1638 1541 1723 sanctassynodos
1556 1650 1723 1709 consuetas

414 1735 567 1819 quociens
578 1735 743 1795 occurrent
758 1728 942 1812 supplentes
959 1746 1103 1808 exnunc,
1118 1726 1282 1793 ordinaria
1296 1729 1611 1805 nostraauctoritate,
1627 1750 1722 1813 quam

415 1821 618 1908 presentibus
649 1816 893 1901 interponimus,
938 1836 1060 1881 omnem
1098 1815 1254 1881 delectum
1288 1818 1315 1881 si
1350 1817 1421 1900 quis
1458 1821 1564 1883 lorsan
1599 1820 1722 1885 ratione

413 1907 660 1993 sollempnitatis
682 1907 819 1971 cnrisso6
840 1905 890 1970 vel
924 1904 1007 1970 alias
1028 1905 1285 1987 qualitercunque
1313 1906 1482 1987 minueret,
1517 1904 1723 1975 decernentes

414 2008 448 2066 et
462 1998 604 2066 volentes
615 2003 692 2079 quot
709 1994 886 2060 huiusmodi
900 1994 1041 2075 donatio,
1063 1993 1164 2059 unitio
1181 2014 1236 2059 seu
1250 1994 1463 2079 incorporatio
1476 1992 1565 2059 sbum
1580 1995 1722 2063 debitum

418 2092 452 2154 in
477 2104 693 2171 quemcunque
713 2093 859 2149 euentum
881 2084 1012 2149 debebit
1033 2084 1137 2149 sortiri
1157 2084 1312 2149 effectum.
1353 2086 1388 2149 Si
1411 2086 1482 2166 quis
1497 2093 1601 2151 autem
1613 2095 1724 2153 contra

415 2180 476 2244 boc
496 2176 663 2259 quicquam
684 2179 872 2256 attemptare
893 2172 1133 2256 presumpserit,
1155 2173 1359 2237 acrimoniam
1381 2180 1447 2238 tam
1468 2180 1607 2239 nostram
1628 2195 1722 2258 qnam

414 2284 630 2333 successorum
657 2270 832 2328 nostrorum
855 2262 970 2345 poterit
997 2268 1029 2325 et
1049 2259 1179 2325 debebit
1200 2282 1263 2327 non
1285 2261 1441 2327 immerito
1464 2262 1642 2329 formidare.
1685 2265 1721 2329 ln

414 2376 546 2440 qnorum
567 2354 705 2418 omnium
732 2357 764 2417 et
793 2350 985 2431 singulorum
1014 2350 1107 2415 robur
1133 2356 1166 2413 ct
1185 2351 1398 2415 testimonium
1419 2352 1558 2433 sigillum
1581 2362 1721 2420 nostrum

413 2466 479 2510 una
500 2463 569 2507 cum
591 2440 697 2523 sigillo
717 2440 796 2504 dicti
815 2439 913 2504 nostri
934 2439 1066 2521 capituli
1086 2439 1293 2523 'presentibus
1314 2448 1362 2504 est
1382 2460 1565 2524 appensum.
1608 2442 1649 2506 Et
1664 2464 1722 2509 nos

414 2532 563 2599 Albertus
596 2530 774 2614 prepositus
807 2535 839 2593 et
865 2526 1012 2593 tilbertus
1043 2526 1185 2591 decanus
1219 2536 1251 2592 et
1280 2528 1452 2612 capitulum
1479 2529 1564 2595 dicte
1589 2531 1720 2597 Halber-

414 2621 575 2689 stadensis
603 2618 736 2683 ecclesie
764 2616 963 2701 presentibus
984 2617 1080 2681 etiarn
1100 2616 1214 2682 litteris
1235 2619 1498 2700 recognoscimus,
1518 2628 1594 2701 quot
1614 2620 1722 2685 omnia

414 2718 448 2777 et
476 2708 603 2791 singula
629 2704 812 2789 supradicta
840 2705 880 2769 de
906 2706 1069 2769 voluntate
1100 2711 1134 2767 et
1158 2705 1252 2787 pleno
1277 2712 1383 2769 nostro
1410 2727 1564 2773 consensu
1584 2710 1671 2775 facta
1691 2720 1724 2775 et

415 2801 564 2867 ordinata
592 2798 747 2875 existunt,
778 2800 809 2859 et
837 2794 868 2858 in
898 2794 1021 2874 signum
1049 2793 1148 2857 nostri
1175 2793 1353 2858 huiusmodi
1380 2815 1553 2862 consensus
1581 2799 1720 2880 sigillum

414 2890 519 2955 maius
539 2886 680 2953 eiusdem
700 2883 798 2947 nostri
819 2881 951 2965 capituli
972 2881 1068 2945 ctiam
1090 2882 1289 2965 presentibus
1310 2892 1359 2948 est
1378 2904 1563 2969 appensum.

495 2978 612 3041 Datum
641 2969 832 3039 Halberstad
869 2991 953 3036 anno
975 2970 1094 3037 domini
1123 2971 1289 3037 millesimo
1328 2975 1547 3041 trecentesimo
1582 2995 1720 3059 nonage-

414 3070 495 3135 simo
524 3072 635 3147 quarto
663 3062 695 3125 in
723 3059 861 3143 capitulo
887 3066 993 3123 nostro
1018 3060 1177 3141 generali,
1211 3060 1333 3125 scilicet
1359 3060 1440 3127 seria
1461 3063 1600 3128 secunda
1620 3063 1652 3127 in
1674 3085 1720 3128 ro

412 3154 605 3240 gationibns.

485 3280 567 3335 Nocb
583 3276 631 3333 der
655 3278 760 3333 Urscltr.
781 3308 813 3316 -
833 3274 1086 3344 pedesseptem
1105 3277 1172 3330 noch
1190 3277 1344 3331 turbandos
1367 3310 1394 3317 -
1413 3280 1451 3332 im
1468 3278 1577 3349 berzopl.
1597 3278 1718 3335 Maden-

413 3350 606 3419 basspturcbt'ue
622 3366 657 3402 ms
672 3348 857 3415 Wolfenbulttel
874 3347 993 3415 (Grusers
1013 3364 1034 3399 c.
1054 3346 1267 3416 Blunkenburp).

486 3458 513 3521 1)
524 3460 553 3511 ct
561 3452 722 3521 sebltinder
736 3452 840 3506 Uracbr.
856 3482 889 3490 -
904 3452 931 3518 2)
944 3451 1016 3518 Orip.
1027 3468 1160 3520 cupressu.
1175 3482 1208 3490 -—
1224 3454 1250 3519 3)
1265 3452 1336 3522 Orr'p.
1346 3454 1469 3509 valitura
1480 3484 1513 3493 —
1524 3456 1553 3524 4)
1563 3455 1674 3511 borloso,
1684 3485 1719 3495 -

412 3530 441 3597 5)
463 3526 569 3581 Urscbr.
587 3524 771 3594 persolvendis.
789 3552 822 3561 -
842 3524 870 3591 6)
889 3522 1001 3577 emisse?

413 3678 537 3762 1400.
1650 3677 1718 3760 (ill.

517 3810 688 3876 Nacbricbt
707 3812 782 3876 iiber
802 3812 891 3875 einen
915 3831 1016 3891 weyers
1036 3810 1092 3874 der
1120 3810 1324 3893 Verwsistunp
1345 3812 1398 3875 des
1408 3812 1553 3876 Klosters
1567 3812 1720 3877 Himmcl-

515 3914 639 3993 ptorten
654 3910 753 3973 durch
767 3908 860 3991 (ἕνα)
882 3908 986 3974 Ulricb
1004 3928 1062 3972 oon
1081 3906 1267 3989 Repertsteiu
1287 3930 1354 3972 coru
1375 3909 1460 3973 Ralla
1479 3930 1520 3974 eu
1534 3908 1720 3992 Dereuburp

515 4011 572 4169 {ir
591 4008 642 4071 die
660 4007 760 4088 jessem
780 4006 908 4070 Klostm
926 4006 1232 4087 pescbcukteKircbe
1251 4028 1292 4072 ecc
1303 4006 1467 4071 Heudeber
1485 4029 1527 4072 eu
1548 4007 1719 4073 amendes

544 4126 602 4171 uns.

495 4221 645 4288 Hadeber
666 4238 722 4285 sex
743 4218 877 4299 solidos;
903 4225 934 4284 et
957 4220 1004 4284 bii
1024 4220 1140 4284 dantur
1160 4239 1217 4303 per
1237 4221 1383 4285 consules
1400 4222 1432 4285 in
1457 4193 1659 4286 Darneborch
1680 4240 1720 4286 er

412 4310 554 4376 iussione
576 4309 700 4375 comitis
718 4309 750 4373 in
771 4308 973 4392 Regensteyn
994 4310 1111 4391 Olrici,
1132 4316 1302 4394 propterea
1329 4310 1414 4392 quod
1434 4310 1616 4375 devastavit
1636 4310 1720 4375 clau·

412 4406 512 4465 strum
535 4400 567 4462 in
577 4398 673 4465 Porta
693 4398 772 4463 Celi.
809 4397 853 4461 Et
874 4406 1001 4482 propter
1023 4400 1104 4464 banc
1125 4398 1383 4464 devastacionem
1404 4398 1494 4463 dedit
1514 4398 1664 4464 fratribus
1686 4399 1719 4461 in

416 4487 505 4553 dicta
525 4486 621 4552 Porta
642 4485 710 4552 Celi
732 4485 899 4551 ecclesiam
927 4488 960 4549 in
982 4484 1131 4553 Hadeber
1151 4492 1303 4572 perpetuo
1325 4486 1566 4571 possidendam
1593 4493 1625 4553 et
1645 4487 1722 4552 dicti
