4459 5167
825 345 871 406 Nr.
892 345 949 407 188.
970 347 1028 406 189.
1047 367 1071 408 ι
1092 349 1168 406 1484.
1189 351 1264 406 tres.
1647 347 1700 406 853

393 529 513 616 1485.
539 533 722 617 October
738 533 804 618 td.
831 535 954 620 Rom.
1609 537 1700 618 189.

497 669 641 733 Mcbrcrc
654 669 838 734 Kordimilo
852 673 997 736 otbeifm
1015 672 1124 748 deren,
1145 673 1255 736 aream
1272 672 1324 736 die
1336 669 1539 754 Psurrlirobe
1549 669 1581 738 S.
1592 670 1702 736 Jcoobr'

495 787 536 832 su
558 765 710 832 Waeror
729 789 773 832 un
794 770 980 833 oesrtmnuen
996 769 1100 852 Topm
1125 771 1273 834 brewes
1294 771 1364 833 arad
1384 770 1429 832 sic
1443 789 1485 834 ru
1505 769 1599 833 deror
1613 768 1701 845 Bou,

496 862 677 1026 Zalissa
696 867 765 930 arrd
786 868 1067 949 Arraschou'iclamp
1086 873 1309 945 rramshitren,
1331 868 1421 931 einos
1442 867 1702 948 brenderttdpr'pea

595 983 618 1026 s.

475 1077 647 1144 Rodericus
661 1081 674 1162 ΙΙ
689 1081 880 1162 Portnensis,
902 1083 1060 1149 Oliverins
1082 1083 1279 1163 Sabioensis,
1300 1083 1443 1148 lulianus
1462 1081 1620 1148 Ostiensis
1636 1081 1702 1162 epi-

391 1169 498 1250 scopi,
524 1167 682 1234 lohannes
712 1171 795 1236 tituli
825 1179 933 1236 sancte
955 1173 1126 1252 Praxcdis,
1158 1172 1453 1238 lohannesmichael
1484 1171 1568 1236 tituli
1599 1170 1702 1235 saneti

392 1257 547 1337 Marcelli,
564 1257 695 1324 Gabriel
710 1260 792 1325 tituli
807 1271 984 1326 sanctorum
1000 1263 1124 1344 hergii¹
1139 1270 1171 1328 et
1185 1262 1294 1343 bachi,
1315 1263 1490 1326 ieronimus
1505 1260 1589 1324 tituli
1600 1260 1702 1324 sancti

395 1345 582 1426 Grisogoni,
610 1346 766 1430 Georgius
794 1349 877 1413 tituli
906 1357 1015 1414 sancte
1039 1351 1140 1415 blarie
1170 1351 1200 1414 in
1225 1351 1454 1415 Transtiberim
1472 1346 1509 1430 (l)
1536 1348 1704 1432 presbiteri

393 1435 598 1499 miseratione
618 1435 730 1502 divina
751 1447 951 1503 sacrosancte
972 1439 1112 1504 Romane
1136 1439 1270 1504 ecclesie
1291 1438 1472 1503 cardinales
1494 1435 1650 1501 universis
1672 1441 1704 1502 et

393 1524 530 1608 singulis
541 1525 659 1589 Christi
680 1523 826 1590 fidelibus
847 1535 1010 1610 presentes
1030 1528 1154 1593 litteras
1176 1527 1365 1611 inspecturis
1384 1525 1517 1590 salutem
1529 1525 1562 1588 iu
1576 1522 1704 1588 domino

393 1615 628 1696 sempiternam.
671 1614 796 1692 eranto
815 1615 1010 1698 frequentius
1031 1616 1170 1682 fidelium
1193 1623 1315 1683 mentes
1334 1617 1378 1682 ad
1398 1633 1497 1699 opera
1524 1612 1704 1678 devotionis

394 1703 582 1778 inducimus,
599 1709 687 1768 tanto
699 1705 857 1770 salubrius
868 1705 1042 1769 animarum
1054 1725 1181 1772 suarum
1192 1707 1288 1772 saluti
1298 1705 1508 1791 providemus.
1531 1703 1705 1786 Cupientes

395 1793 501 1876 igitur,
522 1801 556 1858 ut
570 1793 778 1878 parrochialis
790 1795 1037 1861 ecelesiasancti
1050 1796 1156 1861 lacobi
1175 1796 1207 1860 in
1218 1795 1403 1877 Waterlere,
1425 1791 1704 1858 halberstadensis

394 1883 546 1962 diocesis,
575 1883 722 1964 congruis
749 1884 963 1965 frequentetur
984 1884 1155 1950 honoribus
1177 1893 1209 1950 et
1229 1905 1250 1948 a
1270 1885 1388 1951 Christi
1415 1881 1564 1948 fidelibus
1589 1881 1706 1964 iugiter

394 1979 561 2037 veneretur
581 1992 704 2038 necnon
726 1971 825 2053 libris,
846 1973 1009 2056 calicibus,
1030 1973 1248 2056 luminaribus,
1269 1972 1464 2038 ornamentis
1481 1970 1706 2036 ecelesiasticis

394 2079 435 2125 sc
457 2061 550 2126 rebus
571 2060 645 2126 aliis
666 2081 722 2145 pro
744 2062 854 2126 divino
875 2062 960 2126 cultu
981 2063 1170 2128 necessariis
1192 2063 1346 2128 'decenter
1371 2061 1543 2135 muniatur,
1570 2059 1705 2143 ipsaque

394 2149 532 2216 ecclesia
559 2149 592 2212 in
622 2151 688 2214 suis
708 2151 872 2215 structuris
894 2157 925 2216 et
946 2151 1080 2215 edificiis
1101 2150 1209 2216 debite
1238 2158 1415 2236 reparetur,
1443 2157 1645 2215 conservetur
1674 2156 1706 2215 et

393 2243 636 2302 manuteneatur
661 2258 699 2303 ac
720 2239 837 2304 Christi
865 2237 975 2304 fideles
1004 2239 1066 2324 ipsi
1090 2259 1127 2305 eo
1146 2240 1296 2305 libentius
1316 2238 1359 2304 ad
1380 2238 1515 2304 eandem
1535 2238 1705 2304 ecclesiam

395 2345 494 2390 causa
523 2325 702 2391 devotionis
730 2325 889 2392 confluant
916 2333 947 2392 et
976 2328 1017 2393 ad
1046 2329 1269 2409 munitionem,
1300 2328 1548 2412 reparationem,
1579 2345 1704 2392 conser-

394 2415 554 2480 vationem
594 2421 626 2479 et
661 2417 928 2480 manutentionem
968 2416 1147 2482 huiusmodi
1180 2436 1294 2482 manns
1327 2415 1504 2501 promptius
1539 2416 1705 2499 porrigant

394 2502 582 2580 adiutrices‚
610 2523 671 2586 qno
693 2504 793 2569 exhoc
814 2503 932 2570 ibidem
954 2505 1036 2570 dono
1058 2505 1184 2570 celestis
1205 2507 1314 2588 gracie
1332 2505 1459 2570 uberius
1486 2505 1705 2588 perspexerint

395 2611 431 2657 se
451 2591 594 2675 refectos,
621 2612 678 2657 nos
701 2593 881 2659 cardinales
901 2594 1026 2678 prefati,
1045 2593 1197 2659 videlicet
1217 2593 1352 2676 quilibet
1373 2599 1523 2675 nostrum,
1544 2593 1586 2657 de
1606 2594 1703 2660 omui·

394 2679 533 2764 potentis
554 2679 606 2745 dei
624 2680 843 2746 misericordia
864 2702 903 2748 ac
924 2683 1085 2748 beatorum
1107 2683 1191 2748 Petri
1214 2692 1245 2748 et
1267 2682 1368 2764 Pauli,
1390 2681 1603 2768 apostolomm
1625 2685 1703 2765 eius,

393 2769 582 2835 auctoritate
604 2769 714 2836 confisi
735 2772 880 2836 omnibns
902 2780 933 2837 et
954 2773 1089 2855 singulis
1110 2773 1227 2838 Christi
1248 2770 1396 2838 fidelibus
1415 2771 1569 2856 predictis
1590 2774 1705 2837 utrius·

394 2877 456 2940 qne
476 2877 571 2924 sexus
591 2877 665 2924 vere
686 2861 901 2943 penitentibus
922 2866 955 2926 et
973 2861 1136 2936 confessis,
1158 2862 1212 2943 qui
1234 2860 1352 2925 dictam
1375 2860 1543 2926 ecclesiam
1563 2860 1597 2923 in
1617 2861 1704 2944 puri·

394 2945 552 3012 flectionis
581 2947 674 3012 beate
695 2948 794 3012 Marie
820 2949 954 3030 virginis
979 2969 1101 3014 necnon
1123 2949 1227 3015 sancti
1247 2949 1357 3014 Iaeobi
1377 2948 1514 3032 apostoli
1534 2946 1576 3013 de
1596 2967 1704 3014 mense

395 3035 490 3117 lollii,
511 3037 738 3120 assumptionis
759 3037 851 3102 beate
863 3037 964 3104 Marte
980 3039 1114 3121 virginis
1136 3058 1175 3103 ac
1197 3037 1334 3103 omnium
1355 3043 1534 3101 sanctorum
1556 3043 1588 3102 ct
1601 3036 1703 3122 ipsius

395 3123 529 3188 ecclesie
556 3122 768 3190 dedicationis
794 3127 1002 3190 festivitatum
1030 3127 1143 3192 diebus
1174 3145 1194 3189 a
1222 3124 1334 3208 primis
1365 3123 1508 3208 vesperis
1534 3143 1632 3206 usquc
1660 3126 1703 3190 ad

395 3211 550 3276 secundas
573 3231 724 3296 vesperas
756 3213 911 3280 inclusive
942 3214 1056 3280 devote
1082 3214 1284 3280 visitaverint
1310 3213 1475 3277 annuatim
1506 3219 1538 3277 et
1565 3213 1608 3277 ad
1634 3233 1703 3298 pre-

395 3299 493 3366 missa
523 3321 635 3366 manus
665 3303 861 3386 porrexerint
888 3302 1074 3384 adiutrices,
1104 3323 1162 3387 pro
1190 3300 1325 3384 singulis
1349 3299 1463 3365 diebus
1494 3301 1703 3366 festivitatum

394 3389 562 3473 predictis,
589 3391 703 3472 quibus
727 3392 762 3456 id
787 3393 934 3474 fecerint,
962 3401 1086 3457 centum
1111 3391 1181 3457 dier
1202 3392 1243 3456 de
1269 3389 1420 3455 iniunctis
1443 3391 1490 3455 eir
1513 3390 1703 3474 penitenciis

393 3478 639 3545 misericorditer
663 3479 697 3545 in
721 3479 849 3546 domino
878 3481 1056 3546 relaxamus
1076 3480 1278 3565 presentibus
1305 3479 1467 3562 perpetuis
1487 3479 1601 3546 futuris
1627 3487 1702 3546 tem·

394 3568 524 3651 poribus
544 3567 711 3634 duraturis.
753 3570 790 3634 In
811 3589 941 3652 quorum
962 3571 1100 3636 omnium
1115 3577 1147 3636 et
1160 3567 1357 3648 singulorum
1371 3569 1593 3652 premissorum
1607 3569 1702 3636 fidem

393 3660 425 3720 et
445 3655 659 3721 testimonium
682 3656 804 3722 litteras
824 3666 947 3723 nostras
969 3658 1150 3724 huiusmodi
1175 3657 1244 3722 fleri
1273 3661 1511 3740 nostrorumque
1540 3659 1703 3724 solitorum

393 3745 568 3826 sigillorum
590 3745 737 3810 iussimus
758 3755 789 3812 et
808 3747 941 3813 fecimus
961 3751 1157 3832 appensione
1179 3746 1373 3813 communiri.

474 3834 591 3898 Datum
618 3833 717 3900 Rome
743 3836 777 3900 in
803 3836 949 3901 domibus
981 3837 1112 3918 nostris,
1144 3835 1203 3901 sub
1231 3854 1315 3900 anno
1340 3853 1361 3898 a
1386 3834 1554 3902 nativitate
1581 3835 1703 3903 domini

394 3923 561 3990 millesimo
596 3923 908 4007 quadringentesimo
947 3927 1162 4008 octuagesimo
1198 3925 1324 4007 quinto,
1359 3922 1413 3989 die
1444 3945 1520 3992 vcro
1549 3925 1703 3991 vicesima

394 4101 513 4166 domini
533 4103 632 4167 nostri
658 4102 779 4168 domini
797 4102 972 4168 innocentii
1003 4102 1114 4169 divina
1141 4099 1349 4188 providencia
1374 4119 1461 4185 pape
1486 4103 1592 4169 octavi
1616 4121 1702 4168 anno

394 4190 541 4256 secundo.
1304 4233 1338 4302 p·
1360 4233 1401 4301 de
1420 4234 1500 4302 Bw·

464 4369 530 4438 Ares
546 4368 605 4425 detra
623 4369 736 4428 erclteu
754 4369 801 4428 der
824 4369 966 4428 Urkomle:
983 4371 1007 4428 2.
1027 4371 1063 4430 Io.
1082 4372 1259 4441 Guillerminj.

469 4449 575 4505 Urechr.
593 4455 644 4518 orat
662 4452 777 4505 morbos
791 4451 864 4521 Perp.
880 4453 969 4506 Wera.
991 4483 1024 4492 —
1051 4453 1108 4506 ch
1125 4451 1178 4504 dea
1194 4467 1234 4504 aa
1251 4450 1361 4505 sterben
1378 4447 1540 4517 Biudtddeu
1556 4451 1588 4504 ia
1605 4447 1700 4506 Bloch-

396 4519 506 4588 lrcpselu
525 4523 710 4592 cupcbdapten
725 4523 788 4576 colat
801 4524 896 4577 rothen
908 4523 1068 4592 sputsovmm
1078 4521 1272 4591 'b'aomc'eqeta
1290 4521 1326 4575 iet
1339 4523 1401 4575 hdo
1415 4521 1528 4589 cumpca
1542 4522 1702 4592 mummii}

445 4625 765 4680 cammarus-enen.
779 4629 825 4671 xv.
1465 4612 1501 4666 23
