4459 5167
846 328 894 387 Nn.
914 328 1034 387 lt-to.
1052 347 1078 387 ι
1098 326 1174 391 1299.
1198 328 1274 385 loeo.
1662 328 1716 387 239

402 481 566 567 quoddam
596 490 722 568 pratum
750 485 845 548 situm
871 480 957 566 apud
984 481 1093 546 villam
1116 480 1306 561 Walerlere,
1334 481 1417 563 quod
1445 482 1580 547 anobis
1603 482 1717 549 iratres

401 572 486 638 dieti
512 573 554 637 de
578 573 648 639 Bek
678 575 831 639 tenebant
855 573 889 637 in
915 572 1055 656 pheodo,
1086 572 1210 637 seilieet
1236 572 1450 636 Bertrammus
1473 578 1506 637 et
1528 570 1717 637 'l'biderious

401 663 499 728 mobis
525 683 565 729 ex
586 682 740 731 eonsensu
763 662 912 729 berednm
932 680 1059 727 suornm
1079 661 1295 743 resignarunt,
1324 662 1426 745 ipsum
1449 680 1524 727 vero
1546 662 1716 727 claustrum

400 752 489 816 saeri
509 754 675 835 sanguinis
692 751 808 817 (bristi
831 752 1005 816 Waterlere
1026 772 1083 835 pre
1102 752 1242 833 quinque
1262 752 1377 816 mareis
1398 755 1569 817 exanimati
1592 752 1720 833 urgenti

400 842 447 907 ab
469 842 591 908 eisdem
611 846 704 924 emit,
729 842 813 925 quod
833 862 891 907 nos
912 842 1070 926 prelibato
1090 842 1227 905 elaustro
1249 860 1306 925 pro
1324 840 1463 907 remedio
1486 842 1591 906 anime
1613 848 1717 907 nostre

401 937 438 997 et
470 938 636 1015 parentum
666 938 841 996 nostrorum
872 929 1018 995 dedimus
1049 928 1252 1013 proprialiter
1282 934 1410 1013 propter
1443 930 1535 996 deum
1564 937 1717 1015 perpetuo

402 1020 643 1105 possidendum.
690 1020 793 1105 Super
824 1019 939 1101 quibus
970 1038 1011 1083 ue
1041 1018 1172 1083 dubium
1200 1020 1334 1099 oriatur,
1370 1029 1546 1104 presentem
1580 1020 1716 1085 litteram

401 1115 515 1175 nostro
535 1108 642 1193 sigillo
667 1108 889 1175 communitam
912 1108 997 1173 diete
1018 1106 1153 1173 eoelesie
1175 1106 1321 1173 dedimus
1343 1108 1384 1173 ad
1408 1110 1573 1176 cautelam.
1617 1110 1718 1175 Huius

400 1199 592 1266 donacionis
622 1204 720 1265 testes
750 1204 836 1264 sunt:
872 1198 1019 1263 dominus
1049 1196 1198 1263 Hieriens
1231 1197 1272 1263 de
1302 1196 1527 1281 Hakenstede,
1565 1201 1718 1283 magister

401 1289 574 1355 Berteldus
602 1290 643 1354 de
663 1287 926 1371 werningerode,
956 1287 1103 1353 dominus
1129 1288 1325 1354 Guneelinus
1352 1288 1394 1352 de
1419 1288 1633 1371 Berwinlrele,
1665 1310 1717 1355 ea·

402 1380 512 1446 noniei
549 1386 659 1444 sanate
690 1378 806 1457 llario,
843 1384 875 1441 et
907 1376 1100 1443 Willekinus
1136 1376 1176 1441 de
1215 1376 1370 1457 sustene,
1405 1378 1503 1443 nostri
1545 1378 1718 1463 capellani,

402 1469 563 1534 Henrieus
596 1469 698 1543 Irene,
730 1466 896 1533 Conradus
929 1468 1027 1531 frater
1056 1485 1144 1539 suns,
1179 1466 1344 1533 Conradus
1375 1466 1417 1531 de
1448 1466 1631 1553 Eylesleve,
1669 1468 1717 1533 lo·

402 1560 529 1624 bannes
548 1558 653 1624 dietus
663 1554 779 1638 Wilde,
801 1556 960 1622 lebannes
980 1554 1194 1640 deurendorp
1214 1556 1341 1637 milites,
1364 1564 1395 1621 et
1417 1556 1474 1621 alii
1495 1576 1589 1640 qnam
1611 1558 1718 1643 plures

403 1648 470 1715 lide
490 1647 591 1731 digni.

487 1737 604 1803 Datum
629 1743 661 1802 et
685 1741 790 1801 aetum
816 1736 850 1799 in
871 1734 1029 1801 Halberst.
1057 1754 1141 1801 anno
1162 1733 1282 1801 domini
1302 1734 1465 1817 M⁰CCC⁰.,
1495 1736 1526 1803 in
1557 1737 1610 1802 die
1628 1756 1717 1803 sane·

402 1835 506 1894 torum
528 1834 699 1910 martyrum
721 1826 859 1891 Fabiani
880 1833 912 1890 et
933 1825 1125 1905 Sebastiani,
1147 1824 1348 1911 pontificatus
1371 1826 1469 1891 nostri
1491 1846 1574 1893 anno
1597 1830 1716 1910 quinto.

482 1962 588 2019 Uraebr.
606 1961 682 2032 Perg.
719 1959 804 2031 Siepel
821 1960 897 2014 aiebt
914 1960 988 2013 melrr
1007 1960 1168 2014 sorbendos.

407 2174 525 2258 1300.
550 2174 745 2257 Febnnar
763 2172 827 2257 25.
1652 2174 1715 2257 la

508 2326 580 2393 Dus
597 2328 628 2394 S.
643 2326 914 2394 Jotaanisetester
933 2346 988 2391 uer
1001 2326 1203 2391 Helbersiodl
1223 2326 1334 2407 willipt
1354 2327 1390 2391 ire
1409 2326 1471 2390 rien
1487 2326 1610 2393 Teoscb
1632 2331 1718 2395 einer

506 2448 572 2524 eom
600 2426 735 2509 Ptarrer
760 2446 801 2492 su
825 2426 977 2491 Wuterler
1001 2430 1167 2507 penultima
1193 2424 1344 2507 Hofstelle
1372 2424 1507 2489 dusellrsi
1529 2446 1624 2506 peperi
1651 2428 1719 2491 eirre

508 2526 625 2589 eadee
643 2545 688 2589 aa
708 2526 768 2589 dus
787 2526 905 2607 dortipe
924 2524 963 2589 K
966 2524 1065 2588 lostea

487 2659 555 2725 Nos
573 2658 727 2725 Ludolfns
752 2658 804 2725 dei
834 2658 945 2741 graeia
965 2659 1146 2742 prepositus
1172 2658 1305 2723 eeclesia
1326 2658 1429 2723 saneti
1451 2658 1604 2724 lobannis
1628 2667 1718 2725 entra

405 2768 511 2815 muros
539 2748 826 2815 Hnlberstadenses
852 2755 1012 2831 totumque
1038 2747 1212 2831 capitulum
1239 2745 1381 2813 eiusdem
1404 2747 1537 2813 eeolesie
1561 2748 1717 2815 universis

405 2848 470 2903 tam
503 2839 703 2921 presentibus
731 2857 826 2922 qnam
857 2838 987 2919 futuris,
1019 2836 1060 2902 ad
1091 2856 1222 2920 quorum
1253 2836 1457 2903 andienoiam
1483 2857 1539 2904 seu
1563 2839 1716 2905 visionem

405 2948 537 3012 presens
564 2930 715 3012 seriptum
736 2928 931 3013 pervenerit,
958 2928 1212 3009 reeognoseimus
1233 2926 1360 3011 publiee
1381 2934 1605 3011 protestantes,
1633 2928 1716 3011 quod

404 3018 448 3082 ad
483 3017 672 3102 petitionem
706 3017 900 3082 venerabilis
933 3015 1054 3082 domini
1088 3016 1188 3083 nostri
1221 3016 1409 3096 Hermanni,
1437 3016 1717 3083 Halberstadeusis

406 3108 565 3193 episeopi‚
584 3107 746 3189 quandam
768 3126 876 3171 aream
893 3107 926 3171 in
945 3106 1025 3172 villa
1042 3106 1218 3171 Waterlere
1240 3106 1351 3185 sitam,
1378 3104 1543 3171 dimidium
1564 3105 1716 3171 fertonem

405 3198 527 3262 usualis
557 3197 683 3278 argenti
713 3215 785 3261 eum
819 3195 942 3261 dnobus
973 3195 1069 3278 pullis
1105 3197 1270 3260 annuatim
1306 3196 1481 3260 solventem
1513 3202 1544 3260 et
1571 3196 1614 3261 ad
1641 3216 1717 3261 usus

405 3287 536 3371 plebani
561 3287 663 3371 ipsius
682 3285 760 3351 ville
786 3284 1004 3358 adherentem,
1032 3285 1246 3351 consentimus
1264 3284 1419 3351 moniales
1441 3284 1561 3351 ibidem
1583 3306 1717 3351 eommo-

404 3383 512 3442 rantes
537 3375 716 3461 possidere,
743 3382 775 3440 et
799 3374 859 3440 hoe
886 3374 944 3438 tali
974 3374 1156 3439 conditione
1178 3374 1306 3453 addita,
1334 3373 1418 3455 quod
1440 3375 1594 3439 moniales
1616 3375 1716 3458 ipsius

403 3465 534 3531 elaustri
556 3465 654 3528 aliam
676 3482 783 3528 aream
803 3483 859 3528 seu
881 3463 999 3527 auriam
1022 3482 1177 3529 summam
1204 3465 1348 3548 superins
1370 3483 1553 3549 expressam
1572 3464 1717 3530 similiter

404 3554 571 3619 annuatim
585 3554 759 3618 solventem
771 3552 854 3618 inira
865 3553 1009 3636 spaeium
1016 3552 1147 3619 duorum
1161 3572 1313 3619 annorum
1323 3554 1354 3617 in
1367 3561 1543 3618 restam-nm
1556 3574 1716 3639 eompara-

407 3644 492 3710 bnnt.
515 3643 558 3707 m
568 3642 652 3707 inl'ra
663 3640 742 3707 illud
755 3649 879 3724 tempus
891 3641 1046 3706 moniales
1059 3642 1189 3707 claustri
1199 3643 1262 3707 iam
1274 3643 1409 3727 prodieti
1421 3643 1464 3708 ad
1477 3643 1565 3709 illum
1578 3662 1716 3725 eensum,

405 3732 556 3799 videlieet
580 3731 625 3797 ad
650 3730 818 3796 dimidium
838 3731 992 3795 fertonem
1012 3731 1133 3795 usualis
1156 3732 1290 3814 argenti,
1320 3738 1352 3796 et
1379 3731 1422 3795 ad
1452 3732 1532 3797 duos
1559 3733 1661 3817 pullos
1683 3734 1715 3798 in

404 3822 486 3888 festo
506 3821 704 3887 dominorum
724 3840 760 3887 se
779 3826 812 3885 et
832 3840 891 3885 sna
910 3820 1056 3902 obligant
1075 3821 1118 3885 ad
1134 3820 1328 3887 solvendum.
1362 3821 1413 3885 Ad
1428 3820 1594 3887 firmiorem
1610 3831 1715 3888 autem

406 3913 584 3977 cautionem
609 3910 702 3975 huius
727 3910 804 3975 laeti
831 3918 1010 3994 presentem
1039 3910 1176 3975 litteram
1205 3911 1363 3976 eonseribi
1387 3911 1520 3975 fecimus
1551 3917 1582 3977 et
1609 3918 1715 3977 nostro

406 4001 512 4084 sigillo
532 4019 571 4065 ae
592 4000 692 4065 nostri
713 3998 844 4082 capituli
865 3998 997 4063 i'eeimus
1018 4000 1213 4065 communiri.

486 4092 599 4155 Aetum
626 4095 659 4153 et
685 4087 794 4152 datum
814 4106 899 4153 anno
920 4086 1040 4152 domini
1061 4087 1216 4168 bl00000,
1245 4090 1389 4170 sequenti
1414 4088 1467 4155 die
1489 4090 1574 4157 beati
1596 4090 1716 4156 Mathie

406 4180 552 4265 apostoli.

406 4372 446 4421 w
464 4298 586 4437 yUraobr.
605 4295 680 4367 Perp.
715 4294 778 4352 Dos
796 4300 820 4353 1.
838 4292 923 4367 Siepel
938 4296 986 4365 ub,
1009 4294 1060 4351 due
1077 4299 1103 4352 2.
1125 4294 1184 4351 merl
1203 4301 1228 4351 3.
1247 4296 1472 4367 flupmenturieelr
1489 4314 1528 4351 rm
1547 4296 1717 4367 Pergameni-

445 4384 468 4422 ei
481 4386 522 4424 m.
