4459 5167
795 294 842 350 Νι.
862 296 1060 353 rto-1424
1083 294 1272 357 raes-1401.
1638 294 1690 349 als

376 442 658 510 benedictionibus
689 445 863 527 gratiarum
897 444 1009 527 suique
1040 443 1172 525 gloriosi
1200 444 1355 529 corporis,
1389 442 1473 529 quod
1502 444 1690 510 cenantibus

375 532 448 597 illis
472 532 543 617 ipse
568 532 715 597 dominus
740 542 846 599 noster
871 534 911 601 de
938 533 1054 599 mundo
1082 532 1272 599 transiturus
1299 532 1342 597 ad
1372 540 1494 617 patrem
1522 530 1689 617 discipulis

376 621 450 685 suis
470 620 503 686 in
524 622 632 705 speeie
652 622 746 706 panis
766 620 902 703 etvini,
923 629 957 687 ut
975 621 1059 704 iugis
1079 621 1221 689 eiusdem
1241 622 1382 706 corporis
1402 620 1522 687 domini
1543 618 1690 687 fidelibus

375 710 464 793 ipsis
484 710 561 774 insit
580 712 749 791 memoria,
769 710 946 792 distribuit,
968 732 1092 779 necnon
1112 712 1193 795 ligni
1216 711 1363 797 pretiosi,
1383 711 1417 777 in
1438 729 1499 793 quo
1520 729 1577 793 pro
1598 710 1691 777 nobis

375 798 424 863 ab
445 806 556 865 eterna
576 799 804 883 dampnatione
823 800 999 867 liberandis
1020 801 1105 866 idem
1127 820 1240 885 corpur
1263 806 1371 866 eterno
1397 798 1480 883 patri
1506 796 1691 879 immolavit,

375 886 468 969 iugis
493 898 679 972 permaneat
705 888 858 954 memoria
885 894 918 953 et
946 888 1125 955 reverentia
1149 888 1335 973 amplietur,
1359 886 1402 951 ad
1427 906 1559 969 quorum
1587 892 1690 971 patro·

375 976 605 1063 niocionem(!)
626 997 664 1042 eo
684 976 835 1043 libentius
847 977 1057 1043 ministerium
1071 976 1246 1061 apostolice
1261 976 1474 1043 solicitudinis
1492 974 1690 1055 adhibemus,

374 1084 444 1146 qno
465 1067 569 1147 magis
590 1064 732 1131 debitum
753 1072 944 1150 reputamus,
964 1072 999 1130 ut
1019 1066 1061 1131 ab
1083 1066 1225 1150 ipsarum
1245 1064 1394 1131 laudibus
1415 1083 1573 1147 nunquam
1595 1063 1690 1130 sileat

374 1154 493 1237 lingua
514 1154 627 1219 earnis.
668 1152 770 1219 Nobis
790 1152 948 1237 siquidem
968 1172 1069 1241 nuper
1089 1154 1235 1233 innotuit,
1256 1152 1341 1237 qood
1362 1173 1433 1219 cum
1456 1152 1532 1217 olim
1553 1152 1690 1235 quedam

375 1241 495 1308 mulier
519 1240 552 1306 in
580 1241 659 1307 villa
677 1242 888 1324 Watterleve,
919 1242 1199 1309 Halberstadensis
1226 1242 1377 1323 diocesis,
1403 1248 1522 1307 certam
1551 1241 1690 1307 hostiam

375 1338 599 1397 consecratam
627 1332 838 1398 subtraxisset
865 1332 999 1417 ipsaque
1027 1332 1132 1400 hostia
1164 1332 1354 1398 miraculosa
1380 1331 1546 1397 reinventa
1576 1336 1607 1395 et
1632 1349 1690 1413 per

374 1427 533 1487 rectorem
563 1420 757 1507 parochialis
786 1421 922 1487 ecclesie
946 1420 1128 1489 dinteville
1154 1422 1187 1486 in
1215 1428 1333 1487 certum
1361 1421 1492 1487 calicem
1521 1418 1690 1486 honorilice

374 1511 522 1595 reposita
541 1509 654 1576 fuisset
673 1529 711 1574 ac
731 1510 914 1594 episeopus,
944 1511 997 1593 qni
1020 1516 1094 1576 tunc
1114 1518 1200 1591 erat,
1225 1510 1327 1576 clerus
1348 1515 1379 1576 et
1400 1510 1536 1595 populus
1558 1506 1690 1574 Halber-

374 1598 541 1665 stadensis
561 1597 679 1663 dictum
700 1598 832 1662 calicem
853 1618 924 1663 cum
945 1596 1124 1664 huiusmodi
1146 1598 1251 1665 hostia
1264 1604 1428 1682 asportare
1446 1603 1479 1662 et
1500 1598 1534 1663 in
1554 1596 1690 1665 ecclesia

375 1686 645 1753 Halberstadensi
672 1692 853 1752 reverenter
881 1706 1032 1773 reponere
1059 1688 1191 1769 vellent,
1223 1688 1307 1753 ostia
1337 1688 1409 1772 ipsa
1436 1686 1469 1753 iu
1500 1686 1688 1770 sangninem

375 1775 624 1841 convertebatur
644 1776 811 1853 intantum,
830 1777 913 1859 quod
934 1777 1067 1842 calicem
1088 1779 1192 1861 ipsum
1206 1776 1351 1863 replevit,
1372 1796 1505 1859 comque
1520 1775 1690 1860 episcopus

376 1872 411 1930 et
431 1864 536 1929 clerus
556 1864 692 1948 predicti
713 1864 754 1930 de
775 1865 834 1931 hoc
853 1866 1005 1931 miraculo
1025 1874 1188 1951 stupentes
1208 1867 1341 1933 calicem
1361 1864 1540 1932 huiusmodi
1562 1870 1689 1950 propter

376 1954 448 2019 eius
468 1953 602 2017 nimiam
623 1952 828 2037 repletionem
849 1960 975 2037 portare
996 1974 1058 2020 non
1080 1954 1239 2037 valerent,
1265 1954 1457 2039 corporalia,
1482 1973 1552 2019 cum
1573 1954 1690 2036 quibus

375 2042 464 2109 calix
487 2043 556 2127 ipae
574 2042 640 2125 tegi
663 2051 884 2125 consueverat,
909 2042 942 2108 in
963 2044 1186 2127 sanguinentl)
1208 2044 1277 2128 ipso
1299 2042 1509 2123 intinxercnt,
1537 2050 1688 2129 postque

376 2132 513 2216 sangnis
535 2131 712 2197 huiusmodi
733 2132 767 2195 in
789 2132 875 2197 dieto
896 2133 996 2199 calice
1015 2139 1091 2198 nuto
1112 2132 1222 2199 divino
1241 2132 1272 2198 in
1290 2152 1427 2197 massam
1446 2132 1689 2197 carnicornente

376 2219 420 2286 ad
442 2222 577 2287 formam
594 2219 721 2286 articuli
741 2220 834 2286 nnius
862 2220 957 2303 digiti
983 2221 1239 2302 convertebatur,
1268 2241 1362 2304 quam
1392 2219 1489 2287 iidem
1511 2219 1689 2306 episcopus,

376 2310 482 2375 clerus
502 2316 535 2372 et
555 2308 691 2393 populns
709 2308 880 2375 honorifice
901 2317 933 2375 et
954 2310 1068 2377 devote
1089 2310 1350 2377 cumdivinorum
1370 2308 1499 2375 laudum
1520 2308 1689 2393 preconiis,

377 2404 472 2483 prout
492 2396 608 2480 decuit,
630 2398 940 2482 processionabiliter
954 2399 997 2464 ad
1012 2400 1178 2465 ecclesiam
1190 2398 1493 2465 halberstadensem
1510 2396 1688 2481 predictam

377 2494 599 2571 portaverunt,
624 2486 679 2551 ubi
706 2485 813 2553 adhuc
839 2494 1018 2553 reverenter
1039 2489 1203 2553 recondita
1229 2494 1260 2553 ct
1285 2492 1471 2553 conservata
1496 2492 1688 2569 perseverat,

376 2575 525 2659 quodque
547 2576 580 2639 in
601 2576 714 2641 eadem
736 2574 872 2641 eeclesia
889 2576 1153 2643 Halberstadensi
1180 2598 1298 2661 magna
1320 2576 1413 2659 pecie
1432 2573 1473 2639 de
1493 2573 1582 2656 ligno
1602 2574 1686 2639 miri-

376 2665 437 2730 fice
459 2664 563 2730 crucis
590 2685 713 2730 necnon
734 2672 913 2731 sanctorum
934 2667 1044 2734 Iacobi
1071 2667 1201 2732 minoris
1226 2673 1258 2733 et
1280 2667 1401 2732 Verane
1420 2664 1555 2746 virginis
1580 2664 1689 2748 capita

375 2753 659 2837 nonnullorumque
678 2753 811 2819 aliorum
832 2762 1011 2821 sanctorum
1032 2756 1165 2839 reliquie
1177 2762 1357 2823 reverenter
1376 2760 1409 2819 ct
1422 2754 1564 2839 preciose
1580 2773 1688 2819 recon-

377 2844 444 2907 dite
465 2842 606 2909 existunt
624 2862 663 2906 ac
683 2843 780 2907 etiam
803 2862 860 2926 per
879 2844 996 2909 clerum
1016 2844 1118 2926 ipsios
1139 2844 1274 2911 ecclesie
1295 2841 1443 2909 nonnulle
1469 2842 1688 2927 processiones

377 2950 477 2997 cansa
503 2930 681 2997 devotionis
707 2936 741 2995 ct
766 2950 822 3014 pro
849 2930 951 2997 salute
978 2932 1088 3017 populi
1114 2932 1280 2998 christiani
1306 2930 1467 3015 deputetis
1494 2930 1688 3015 temporibus

376 3019 543 3086 annuatim
580 3019 660 3085 hunt
703 3027 735 3085 et
772 3018 977 3104 solempniter
1007 3029 1200 3104 peraguntur
1236 3040 1276 3087 ae
1308 3020 1486 3085 huiusmodi
1518 3018 1623 3084 hostia
1653 3018 1687 3085 in

375 3111 479 3175 torma
499 3109 643 3194 predicta
664 3116 696 3175 et
716 3110 808 3195 pecia
825 3110 926 3175 crucis
938 3130 1060 3177 necnon
1083 3110 1224 3194 predicte
1245 3116 1277 3175 et
1297 3110 1361 3175 alie
1381 3108 1575 3173 diversorum
1598 3126 1688 3172 sanc-

377 3206 480 3265 torum
498 3198 631 3280 reliquie
651 3196 732 3264 inibi
751 3197 912 3263 recondite
933 3198 977 3264 ad
996 3199 1145 3265 honorem
1168 3202 1221 3279 [et]
1251 3198 1377 3267 laudem
1402 3197 1544 3263 eiusdem
1566 3196 1687 3262 domini

377 3286 477 3352 nostri
498 3286 573 3351 Iesu
594 3286 713 3352 Christi
734 3290 788 3366 [et]
808 3286 878 3351 eius
898 3287 1083 3353 intemerate
1104 3288 1270 3372 genitricis
1289 3306 1414 3371 semper
1434 3285 1569 3369 virginis
1586 3284 1686 3351 hiarie

377 3377 473 3441 certis
493 3375 572 3440 anni
591 3376 785 3459 temporibus
805 3396 876 3441 cum
895 3397 1015 3459 magna
1034 3378 1262 3460 sollemnitate,
1282 3377 1388 3461 ymnis
1409 3382 1441 3443 et
1463 3374 1596 3441 canticis
1616 3395 1686 3461 pro·

378 3464 598 3531 cessionaliter
627 3465 670 3529 ad
699 3463 868 3531 ecclesiam
895 3473 1004 3531 sancte
1032 3467 1133 3531 llario
1157 3466 1456 3533 halberstadensem
1485 3484 1542 3549 per
1569 3464 1686 3531 olerum

377 3550 559 3619 huiusmodi
578 3573 640 3618 non
663 3553 732 3619 sine
752 3574 870 3635 magno
890 3555 1000 3639 populi
1025 3574 1178 3621 concursu
1206 3560 1239 3620 et
1263 3556 1432 3621 devotione
1459 3561 1624 3639 portantur
1647 3573 1687 3621 ac

376 3642 513 3708 servatis
533 3641 693 3707 nonnullis
714 3643 904 3709 stationibus
923 3644 966 3709 ad
986 3644 1121 3710 eandem
1148 3644 1298 3709 maiorem
1322 3645 1490 3710 eeclesiam
1516 3642 1687 3710 honorifice

376 3739 573 3814 reponuntur
602 3737 635 3796 et
665 3730 763 3796 etiam
792 3731 896 3797 hostia
931 3738 963 3798 et
994 3733 1088 3817 pecia
1119 3733 1221 3799 crucis
1247 3752 1310 3797 una
1339 3752 1409 3798 cum
1438 3732 1512 3799 aliis
1543 3730 1687 3815 reliqniis

376 3817 557 3885 huiusmodi
578 3819 672 3884 certis
692 3819 920 3887 festivitatibus
940 3828 1133 3904 sanctornm,
1157 3841 1287 3905 quorum
1316 3822 1448 3904 reliquie
1474 3820 1592 3889 ibidem
1614 3840 1686 3887 con·

375 3914 553 3989 servantur,
574 3914 608 3972 ut
629 3907 793 3992 prefertur,
815 3917 847 3975 et
867 3912 1033 3994 presertim
1054 3910 1087 3975 in
1105 3930 1186 3975 cena
1200 3910 1318 3977 domini
1339 3916 1371 3975 et
1386 3912 1418 3976 in
1430 3910 1483 3975 die
1497 3930 1686 3995 parasceuen

375 3997 408 4061 in
429 3996 587 4061 altaribus
607 4004 640 4061 et
659 3997 734 4061 aliis
755 3997 832 4062 locis
854 4001 1002 4081 congruis
1018 4018 1089 4065 eum
1103 3999 1312 4065 luminaribus
1326 3999 1486 4065 ctdebitis
1501 3999 1687 4066 reverentiis

375 4084 475 4167 digne
496 4090 529 4148 et
549 4084 753 4151 laudabiliter
773 4086 967 4153 collocantur
988 4096 1020 4153 et
1044 4089 1161 4172 populo
1187 4108 1258 4155 cum
1279 4088 1448 4154 devotione
1469 4088 1685 4155 ostenduntur.

376 4172 444 4239 Nos
464 4173 564 4255 igitur
588 4175 768 4257 cupientes,
794 4183 829 4240 nt
849 4176 967 4243 Christi
994 4177 1105 4243 fideles
1133 4178 1312 4243 huiusmodi
1341 4179 1596 4262 processionibus
1616 4199 1686 4265 por-

375 4261 567 4343 tationibns,
594 4263 798 4339 stationibus,
821 4264 1081 4334 collocationibus
1100 4272 1132 4332 et
1153 4267 1386 4333 ostensionibus
1412 4286 1450 4332 eo
1476 4266 1603 4331 avidius
1622 4273 1686 4333 stu-

375 4349 475 4414 deant
504 4348 672 4430 iuteresse,
698 4354 814 4434 quiex
841 4352 900 4420 hoe
928 4355 1045 4421 ibidem
1072 4356 1155 4420 dono
1182 4356 1309 4422 celestia
1333 4356 1437 4438 gratie
1465 4356 1592 4422 uberius
1613 4376 1685 4420 con-

376 4438 540 4523 spexerint
559 4458 595 4505 se
613 4439 761 4523 refectos,
781 4440 822 4506 de
839 4444 1065 4529 omnipotentis
1086 4442 1139 4509 dei
1161 4444 1393 4527 misericordia,
1416 4445 1577 4511 beatorum
1598 4444 1686 4513 Petri
