<?xml version="1.0" encoding="UTF-8"?>
<!DOCTYPE html PUBLIC "-//W3C//DTD XHTML 1.0 Transitional//EN"
    "http://www.w3.org/TR/xhtml1/DTD/xhtml1-transitional.dtd">
<html xmlns="http://www.w3.org/1999/xhtml" xml:lang="en" lang="en">
 <head>
  <title>
</title>
<meta http-equiv="Content-Type" content="text/html;charset=utf-8" />
  <meta name='ocr-system' content='tesseract 3.04.00' />
  <meta name='ocr-capabilities' content='ocr_page ocr_carea ocr_par ocr_line ocrx_word'/>
</head>
<body>
  <div class='ocr_page' id='page_1' title='image "./urkundenbuchder00nunsgoog_0389.png"; bbox 0 0 4459 5167; ppageno 0'>
   <div class='ocr_carea' id='block_1_1' title="bbox 557 311 1618 382">
    <p class='ocr_par' dir='ltr' id='par_1_1' title="bbox 557 311 1618 382">
     <span class='ocr_line' id='line_1_1' title="bbox 557 311 1618 382; baseline -0.005 -11"><span class='ocrx_word' id='word_1_1' title='bbox 557 316 611 371; x_wconf 83' lang='grc'>364</span> <span class='ocrx_word' id='word_1_2' title='bbox 815 311 1102 370; x_wconf 81' lang='lat' dir='ltr'>cistercienserinuen-</span> <span class='ocrx_word' id='word_1_3' title='bbox 1122 312 1340 382; x_wconf 80' lang='lat' dir='ltr'>(Heiligenblut-)</span> <span class='ocrx_word' id='word_1_4' title='bbox 1357 312 1465 367; x_wconf 81' lang='lat' dir='ltr'>llloster</span> <span class='ocrx_word' id='word_1_5' title='bbox 1475 311 1618 366; x_wconf 77' lang='lat' dir='ltr'>Waterler.</span> 
     </span>
    </p>
   </div>
   <div class='ocr_carea' id='block_1_2' title="bbox 656 458 1872 626">
    <p class='ocr_par' dir='ltr' id='par_1_2' title="bbox 656 458 1872 626">
     <span class='ocr_line' id='line_1_2' title="bbox 656 458 1872 543; baseline -0.005 -13"><span class='ocrx_word' id='word_1_6' title='bbox 656 485 699 530; x_wconf 73' lang='lat' dir='ltr'>aa</span> <span class='ocrx_word' id='word_1_7' title='bbox 727 462 880 528; x_wconf 83' lang='lat' dir='ltr'>Woterlor</span> <span class='ocrx_word' id='word_1_8' title='bbox 900 461 1046 542; x_wconf 83' lang='lat' dir='ltr'>spendore,</span> <span class='ocrx_word' id='word_1_9' title='bbox 1071 462 1162 524; x_wconf 81' lang='lat' dir='ltr'>einen</span> <span class='ocrx_word' id='word_1_10' title='bbox 1183 461 1421 543; x_wconf 73' lang='lat' dir='ltr'>oieraiptdpipen</span> <span class='ocrx_word' id='word_1_11' title='bbox 1444 459 1560 525; x_wconf 80' lang='lat' dir='ltr'>Ablues</span> <span class='ocrx_word' id='word_1_12' title='bbox 1580 459 1650 522; x_wconf 80' lang='lat' dir='ltr'>und</span> <span class='ocrx_word' id='word_1_13' title='bbox 1670 458 1799 540; x_wconf 73' lang='lat' dir='ltr'>befiehlt,</span> <span class='ocrx_word' id='word_1_14' title='bbox 1820 459 1872 524; x_wconf 73' lang='lat' dir='ltr'>ete</span> 
     </span>
     <span class='ocr_line' id='line_1_3' title="bbox 658 559 1174 626; baseline -0.008 0"><span class='ocrx_word' id='word_1_15' title='bbox 658 559 872 626; x_wconf 81' lang='lat' dir='ltr'>Eiresernmler</span> <span class='ocrx_word' id='word_1_16' title='bbox 892 579 933 624; x_wconf 76' lang='lat' dir='ltr'>au</span> <span class='ocrx_word' id='word_1_17' title='bbox 953 563 1174 624; x_wconf 67' lang='lat' dir='ltr'>urrhrsteltzen.</span> 
     </span>
    </p>
   </div>
   <div class='ocr_carea' id='block_1_3' title="bbox 555 708 1871 1331">
    <p class='ocr_par' dir='ltr' id='par_1_3' title="bbox 555 708 1871 1331">
     <span class='ocr_line' id='line_1_4' title="bbox 637 708 1871 794; baseline 0 -18"><span class='ocrx_word' id='word_1_18' title='bbox 637 712 790 777; x_wconf 84' lang='lat' dir='ltr'>Emestus</span> <span class='ocrx_word' id='word_1_19' title='bbox 803 711 816 792; x_wconf 85' lang='grc' dir='ltr'>Η</span> <span class='ocrx_word' id='word_1_20' title='bbox 830 708 883 775; x_wconf 91' lang='lat' dir='ltr'>dei</span> <span class='ocrx_word' id='word_1_21' title='bbox 903 710 1008 792; x_wconf 84' lang='lat' dir='ltr'>gratia</span> <span class='ocrx_word' id='word_1_22' title='bbox 1028 717 1138 775; x_wconf 90' lang='lat' dir='ltr'>sanete</span> <span class='ocrx_word' id='word_1_23' title='bbox 1159 710 1443 794; x_wconf 83' lang='lat' dir='ltr'>Magdebnrgensis</span> <span class='ocrx_word' id='word_1_24' title='bbox 1460 709 1728 794; x_wconf 69' lang='lat' dir='ltr'>archiepiscopus,</span> <span class='ocrx_word' id='word_1_25' title='bbox 1750 709 1871 793; x_wconf 87' lang='lat' dir='ltr'>primas</span> 
     </span>
     <span class='ocr_line' id='line_1_5' title="bbox 558 799 1871 882; baseline -0.002 -16"><span class='ocrx_word' id='word_1_26' title='bbox 558 799 728 866; x_wconf 86' lang='lat' dir='ltr'>Germanie</span> <span class='ocrx_word' id='word_1_27' title='bbox 756 806 788 864; x_wconf 90' lang='lat' dir='ltr'>et</span> <span class='ocrx_word' id='word_1_28' title='bbox 813 799 1093 865; x_wconf 88' lang='lat' dir='ltr'>Halberstadensis</span> <span class='ocrx_word' id='word_1_29' title='bbox 1121 799 1326 865; x_wconf 90' lang='lat' dir='ltr'>ecelesiarum</span> <span class='ocrx_word' id='word_1_30' title='bbox 1355 799 1607 882; x_wconf 86' lang='lat' dir='ltr'>administrator,</span> <span class='ocrx_word' id='word_1_31' title='bbox 1634 799 1700 863; x_wconf 89' lang='lat' dir='ltr'>dux</span> <span class='ocrx_word' id='word_1_32' title='bbox 1720 800 1871 882; x_wconf 82' lang='lat' dir='ltr'>Saxonis,</span> 
     </span>
     <span class='ocr_line' id='line_1_6' title="bbox 557 887 1870 972; baseline -0.001 -18"><span class='ocrx_word' id='word_1_33' title='bbox 557 889 756 972; x_wconf 70' lang='lat' dir='ltr'>lantgravius</span> <span class='ocrx_word' id='word_1_34' title='bbox 777 887 954 972; x_wconf 81' lang='lat' dir='ltr'>Thuringie</span> <span class='ocrx_word' id='word_1_35' title='bbox 975 895 1007 954; x_wconf 91' lang='lat' dir='ltr'>et</span> <span class='ocrx_word' id='word_1_36' title='bbox 1027 889 1169 954; x_wconf 89' lang='lat' dir='ltr'>marchio</span> <span class='ocrx_word' id='word_1_37' title='bbox 1189 889 1323 972; x_wconf 81' lang='lat' dir='ltr'>Miseno,</span> <span class='ocrx_word' id='word_1_38' title='bbox 1344 890 1502 956; x_wconf 86' lang='lat' dir='ltr'>universis</span> <span class='ocrx_word' id='word_1_39' title='bbox 1523 896 1554 954; x_wconf 91' lang='lat' dir='ltr'>et</span> <span class='ocrx_word' id='word_1_40' title='bbox 1574 889 1711 971; x_wconf 81' lang='lat' dir='ltr'>singulis</span> <span class='ocrx_word' id='word_1_41' title='bbox 1731 887 1870 954; x_wconf 92' lang='lat' dir='ltr'>dominis</span> 
     </span>
     <span class='ocr_line' id='line_1_7' title="bbox 556 977 1870 1064; baseline -0.002 -19"><span class='ocrx_word' id='word_1_42' title='bbox 556 980 699 1064; x_wconf 90' lang='lat' dir='ltr'>prelatis,</span> <span class='ocrx_word' id='word_1_43' title='bbox 719 978 877 1062; x_wconf 79' lang='lat' dir='ltr'>plebanis,</span> <span class='ocrx_word' id='word_1_44' title='bbox 899 978 1161 1062; x_wconf 71' lang='lat' dir='ltr'>predicatoribus,</span> <span class='ocrx_word' id='word_1_45' title='bbox 1183 979 1412 1063; x_wconf 85' lang='lat' dir='ltr'>viceplebanis,</span> <span class='ocrx_word' id='word_1_46' title='bbox 1429 978 1608 1044; x_wconf 89' lang='lat' dir='ltr'>divinorum</span> <span class='ocrx_word' id='word_1_47' title='bbox 1621 985 1652 1042; x_wconf 88' lang='lat' dir='ltr'>et</span> <span class='ocrx_word' id='word_1_48' title='bbox 1662 977 1870 1043; x_wconf 88' lang='lat' dir='ltr'>ecclesiarum</span> 
     </span>
     <span class='ocr_line' id='line_1_8' title="bbox 555 1065 1869 1152; baseline -0.001 -18"><span class='ocrx_word' id='word_1_49' title='bbox 555 1067 731 1134; x_wconf 88' lang='lat' dir='ltr'>rectoribus</span> <span class='ocrx_word' id='word_1_50' title='bbox 752 1085 791 1132; x_wconf 91' lang='lat' dir='ltr'>ae</span> <span class='ocrx_word' id='word_1_51' title='bbox 812 1065 1071 1133; x_wconf 86' lang='lat' dir='ltr'>christifidelibus</span> <span class='ocrx_word' id='word_1_52' title='bbox 1096 1086 1154 1152; x_wconf 92' lang='lat' dir='ltr'>per</span> <span class='ocrx_word' id='word_1_53' title='bbox 1180 1075 1212 1133; x_wconf 93' lang='lat' dir='ltr'>et</span> <span class='ocrx_word' id='word_1_54' title='bbox 1237 1068 1321 1132; x_wconf 82' lang='lat' dir='ltr'>intra</span> <span class='ocrx_word' id='word_1_55' title='bbox 1347 1067 1495 1133; x_wconf 89' lang='lat' dir='ltr'>civitates</span> <span class='ocrx_word' id='word_1_56' title='bbox 1520 1074 1552 1134; x_wconf 91' lang='lat' dir='ltr'>et</span> <span class='ocrx_word' id='word_1_57' title='bbox 1579 1066 1723 1132; x_wconf 83' lang='lat' dir='ltr'>dioceses</span> <span class='ocrx_word' id='word_1_58' title='bbox 1743 1074 1869 1133; x_wconf 89' lang='lat' dir='ltr'>nostras</span> 
     </span>
     <span class='ocr_line' id='line_1_9' title="bbox 555 1155 1870 1240; baseline -0.001 -18"><span class='ocrx_word' id='word_1_59' title='bbox 555 1156 863 1240; x_wconf 80' lang='lat' dir='ltr'>Mugdehurgensem</span> <span class='ocrx_word' id='word_1_60' title='bbox 881 1162 913 1220; x_wconf 90' lang='lat' dir='ltr'>et</span> <span class='ocrx_word' id='word_1_61' title='bbox 926 1155 1227 1221; x_wconf 89' lang='lat' dir='ltr'>Halberstadensem</span> <span class='ocrx_word' id='word_1_62' title='bbox 1248 1157 1384 1222; x_wconf 86' lang='lat' dir='ltr'>ubilibet</span> <span class='ocrx_word' id='word_1_63' title='bbox 1404 1156 1583 1222; x_wconf 89' lang='lat' dir='ltr'>constitutis</span> <span class='ocrx_word' id='word_1_64' title='bbox 1605 1156 1870 1239; x_wconf 83' lang='lat' dir='ltr'>presentibusque</span> 
     </span>
     <span class='ocr_line' id='line_1_10' title="bbox 555 1244 1869 1331; baseline -0.002 -19"><span class='ocrx_word' id='word_1_65' title='bbox 555 1247 717 1331; x_wconf 88' lang='lat' dir='ltr'>requisitis</span> <span class='ocrx_word' id='word_1_66' title='bbox 755 1245 889 1312; x_wconf 81' lang='lat' dir='ltr'>salutem</span> <span class='ocrx_word' id='word_1_67' title='bbox 928 1245 961 1308; x_wconf 92' lang='lat' dir='ltr'>in</span> <span class='ocrx_word' id='word_1_68' title='bbox 997 1244 1135 1310; x_wconf 92' lang='lat' dir='ltr'>domino.</span> <span class='ocrx_word' id='word_1_69' title='bbox 1191 1246 1409 1312; x_wconf 89' lang='lat' dir='ltr'>Iusiunatione</span> <span class='ocrx_word' id='word_1_70' title='bbox 1443 1244 1611 1329; x_wconf 89' lang='lat' dir='ltr'>querulosa</span> <span class='ocrx_word' id='word_1_71' title='bbox 1646 1244 1869 1327; x_wconf 84' lang='lat' dir='ltr'>religiosarum</span> 
     </span>
    </p>
   </div>
   <div class='ocr_carea' id='block_1_4' title="bbox 547 1332 1870 4080">
    <p class='ocr_par' dir='ltr' id='par_1_4' title="bbox 547 1332 1870 3800">
     <span class='ocr_line' id='line_1_11' title="bbox 558 1332 1870 1412; baseline -0.003 -11"><span class='ocrx_word' id='word_1_72' title='bbox 558 1335 721 1401; x_wconf 86' lang='lat' dir='ltr'>abbatisse</span> <span class='ocrx_word' id='word_1_73' title='bbox 741 1341 775 1400; x_wconf 90' lang='lat' dir='ltr'>et</span> <span class='ocrx_word' id='word_1_74' title='bbox 795 1339 969 1400; x_wconf 88' lang='lat' dir='ltr'>conventus</span> <span class='ocrx_word' id='word_1_75' title='bbox 989 1334 1173 1399; x_wconf 88' lang='lat' dir='ltr'>monasterii</span> <span class='ocrx_word' id='word_1_76' title='bbox 1194 1334 1482 1400; x_wconf 81' lang='lat' dir='ltr'>sanctimonialium</span> <span class='ocrx_word' id='word_1_77' title='bbox 1500 1335 1532 1399; x_wconf 93' lang='lat' dir='ltr'>in</span> <span class='ocrx_word' id='word_1_78' title='bbox 1549 1332 1716 1412; x_wconf 87' lang='lat' dir='ltr'>Waterler,</span> <span class='ocrx_word' id='word_1_79' title='bbox 1735 1333 1870 1398; x_wconf 86' lang='lat' dir='ltr'>Halber-</span> 
     </span>
     <span class='ocr_line' id='line_1_12' title="bbox 556 1421 1868 1504; baseline -0.005 -12"><span class='ocrx_word' id='word_1_80' title='bbox 556 1425 717 1492; x_wconf 88' lang='lat' dir='ltr'>stadensis</span> <span class='ocrx_word' id='word_1_81' title='bbox 738 1428 844 1490; x_wconf 87' lang='lat' dir='ltr'>nostre</span> <span class='ocrx_word' id='word_1_82' title='bbox 869 1423 1022 1504; x_wconf 90' lang='lat' dir='ltr'>diocesis,</span> <span class='ocrx_word' id='word_1_83' title='bbox 1051 1421 1239 1488; x_wconf 87' lang='lat' dir='ltr'>dilectarum</span> <span class='ocrx_word' id='word_1_84' title='bbox 1264 1422 1298 1486; x_wconf 94' lang='lat' dir='ltr'>in</span> <span class='ocrx_word' id='word_1_85' title='bbox 1318 1421 1443 1487; x_wconf 83' lang='lat' dir='ltr'>Christo</span> <span class='ocrx_word' id='word_1_86' title='bbox 1469 1422 1562 1488; x_wconf 91' lang='lat' dir='ltr'>nobis</span> <span class='ocrx_word' id='word_1_87' title='bbox 1587 1421 1788 1496; x_wconf 85' lang='lat' dir='ltr'>devotarum,</span> <span class='ocrx_word' id='word_1_88' title='bbox 1815 1440 1868 1486; x_wconf 85' lang='lat' dir='ltr'>ae</span> 
     </span>
     <span class='ocr_line' id='line_1_13' title="bbox 554 1507 1868 1599; baseline -0.003 -19"><span class='ocrx_word' id='word_1_89' title='bbox 554 1514 709 1599; x_wconf 87' lang='lat' dir='ltr'>cepimus,</span> <span class='ocrx_word' id='word_1_90' title='bbox 737 1513 842 1595; x_wconf 82' lang='lat' dir='ltr'>ipsum</span> <span class='ocrx_word' id='word_1_91' title='bbox 863 1511 1088 1576; x_wconf 88' lang='lat' dir='ltr'>monasterium</span> <span class='ocrx_word' id='word_1_92' title='bbox 1109 1510 1143 1575; x_wconf 92' lang='lat' dir='ltr'>iu</span> <span class='ocrx_word' id='word_1_93' title='bbox 1164 1511 1231 1575; x_wconf 91' lang='lat' dir='ltr'>suis</span> <span class='ocrx_word' id='word_1_94' title='bbox 1248 1510 1354 1590; x_wconf 90' lang='lat' dir='ltr'>tectis,</span> <span class='ocrx_word' id='word_1_95' title='bbox 1383 1510 1481 1575; x_wconf 91' lang='lat' dir='ltr'>muris</span> <span class='ocrx_word' id='word_1_96' title='bbox 1502 1516 1535 1575; x_wconf 90' lang='lat' dir='ltr'>et</span> <span class='ocrx_word' id='word_1_97' title='bbox 1554 1507 1688 1574; x_wconf 88' lang='lat' dir='ltr'>edificiis</span> <span class='ocrx_word' id='word_1_98' title='bbox 1708 1515 1868 1576; x_wconf 84' lang='lat' dir='ltr'>vestutate</span> 
     </span>
     <span class='ocr_line' id='line_1_14' title="bbox 553 1597 1867 1682; baseline -0.004 -14"><span class='ocrx_word' id='word_1_99' title='bbox 553 1603 714 1668; x_wconf 84' lang='lat' dir='ltr'>ruinosam</span> <span class='ocrx_word' id='word_1_100' title='bbox 736 1601 961 1667; x_wconf 82' lang='lat' dir='ltr'>refectionibus</span> <span class='ocrx_word' id='word_1_101' title='bbox 978 1599 1302 1682; x_wconf 90' lang='lat' dir='ltr'>reparaeionibnsque</span> <span class='ocrx_word' id='word_1_102' title='bbox 1318 1599 1506 1664; x_wconf 88' lang='lat' dir='ltr'>necessariis</span> <span class='ocrx_word' id='word_1_103' title='bbox 1522 1597 1692 1663; x_wconf 82' lang='lat' dir='ltr'>admodum</span> <span class='ocrx_word' id='word_1_104' title='bbox 1710 1597 1867 1680; x_wconf 80' lang='lat' dir='ltr'>indigere,</span> 
     </span>
     <span class='ocr_line' id='line_1_15' title="bbox 555 1687 1866 1775; baseline -0.003 -18"><span class='ocrx_word' id='word_1_105' title='bbox 555 1711 617 1775; x_wconf 91' lang='lat' dir='ltr'>que</span> <span class='ocrx_word' id='word_1_106' title='bbox 647 1691 749 1775; x_wconf 89' lang='lat' dir='ltr'>ipsius</span> <span class='ocrx_word' id='word_1_107' title='bbox 777 1689 935 1774; x_wconf 89' lang='lat' dir='ltr'>siquidem</span> <span class='ocrx_word' id='word_1_108' title='bbox 968 1688 1173 1754; x_wconf 83' lang='lat' dir='ltr'>facultatibus</span> <span class='ocrx_word' id='word_1_109' title='bbox 1202 1688 1423 1754; x_wconf 86' lang='lat' dir='ltr'>deficientibus</span> <span class='ocrx_word' id='word_1_110' title='bbox 1459 1695 1491 1753; x_wconf 91' lang='lat' dir='ltr'>et</span> <span class='ocrx_word' id='word_1_111' title='bbox 1520 1689 1641 1770; x_wconf 92' lang='lat' dir='ltr'>absque</span> <span class='ocrx_word' id='word_1_112' title='bbox 1669 1687 1866 1754; x_wconf 85' lang='lat' dir='ltr'>diversorum</span> 
     </span>
     <span class='ocr_line' id='line_1_16' title="bbox 556 1777 1867 1862; baseline -0.002 -16"><span class='ocrx_word' id='word_1_113' title='bbox 556 1779 809 1846; x_wconf 86' lang='lat' dir='ltr'>christifidelium</span> <span class='ocrx_word' id='word_1_114' title='bbox 837 1778 900 1862; x_wconf 92' lang='lat' dir='ltr'>piis</span> <span class='ocrx_word' id='word_1_115' title='bbox 927 1778 1089 1861; x_wconf 83' lang='lat' dir='ltr'>suffragiis</span> <span class='ocrx_word' id='word_1_116' title='bbox 1119 1778 1249 1843; x_wconf 89' lang='lat' dir='ltr'>minime</span> <span class='ocrx_word' id='word_1_117' title='bbox 1277 1777 1415 1860; x_wconf 89' lang='lat' dir='ltr'>poterint</span> <span class='ocrx_word' id='word_1_118' title='bbox 1442 1782 1618 1860; x_wconf 90' lang='lat' dir='ltr'>opportune</span> <span class='ocrx_word' id='word_1_119' title='bbox 1642 1781 1675 1842; x_wconf 90' lang='lat' dir='ltr'>et</span> <span class='ocrx_word' id='word_1_120' title='bbox 1702 1777 1867 1843; x_wconf 90' lang='lat' dir='ltr'>commode</span> 
     </span>
     <span class='ocr_line' id='line_1_17' title="bbox 555 1865 1868 1952; baseline 0.002 -23"><span class='ocrx_word' id='word_1_121' title='bbox 555 1867 734 1934; x_wconf 89' lang='lat' dir='ltr'>restaurari.</span> <span class='ocrx_word' id='word_1_122' title='bbox 776 1868 870 1934; x_wconf 92' lang='lat' dir='ltr'>Unde</span> <span class='ocrx_word' id='word_1_123' title='bbox 890 1869 1085 1952; x_wconf 88' lang='lat' dir='ltr'>presentium</span> <span class='ocrx_word' id='word_1_124' title='bbox 1106 1867 1301 1934; x_wconf 87' lang='lat' dir='ltr'>exhibitores</span> <span class='ocrx_word' id='word_1_125' title='bbox 1321 1885 1377 1932; x_wconf 89' lang='lat' dir='ltr'>seu</span> <span class='ocrx_word' id='word_1_126' title='bbox 1394 1865 1609 1947; x_wconf 86' lang='lat' dir='ltr'>exhibitrices,</span> <span class='ocrx_word' id='word_1_127' title='bbox 1629 1866 1770 1949; x_wconf 88' lang='lat' dir='ltr'>quosvel</span> <span class='ocrx_word' id='word_1_128' title='bbox 1786 1886 1868 1950; x_wconf 89' lang='lat' dir='ltr'>quas</span> 
     </span>
     <span class='ocr_line' id='line_1_18' title="bbox 554 1952 1866 2039; baseline -0.001 -17"><span class='ocrx_word' id='word_1_129' title='bbox 554 1955 720 2022; x_wconf 90' lang='lat' dir='ltr'>abbatissa</span> <span class='ocrx_word' id='word_1_130' title='bbox 741 1963 773 2020; x_wconf 90' lang='lat' dir='ltr'>et</span> <span class='ocrx_word' id='word_1_131' title='bbox 794 1962 967 2021; x_wconf 90' lang='lat' dir='ltr'>conventus</span> <span class='ocrx_word' id='word_1_132' title='bbox 993 1955 1108 2037; x_wconf 80' lang='lat' dir='ltr'>prefati</span> <span class='ocrx_word' id='word_1_133' title='bbox 1135 1954 1283 2019; x_wconf 89' lang='lat' dir='ltr'>duxerint</span> <span class='ocrx_word' id='word_1_134' title='bbox 1309 1952 1510 2037; x_wconf 88' lang='lat' dir='ltr'>deputandos</span> <span class='ocrx_word' id='word_1_135' title='bbox 1531 1975 1587 2039; x_wconf 92' lang='lat' dir='ltr'>pro</span> <span class='ocrx_word' id='word_1_136' title='bbox 1612 1954 1866 2021; x_wconf 88' lang='lat' dir='ltr'>christifidelium</span> 
     </span>
     <span class='ocr_line' id='line_1_19' title="bbox 554 2043 1865 2127; baseline 0.002 -19"><span class='ocrx_word' id='word_1_137' title='bbox 554 2043 737 2109; x_wconf 81' lang='lat' dir='ltr'>elemosinis</span> <span class='ocrx_word' id='word_1_138' title='bbox 754 2044 943 2125; x_wconf 83' lang='lat' dir='ltr'>colligendis</span> <span class='ocrx_word' id='word_1_139' title='bbox 956 2044 1143 2110; x_wconf 79' lang='lat' dir='ltr'>admisimus</span> <span class='ocrx_word' id='word_1_140' title='bbox 1158 2064 1198 2110; x_wconf 91' lang='lat' dir='ltr'>ac</span> <span class='ocrx_word' id='word_1_141' title='bbox 1212 2043 1413 2127; x_wconf 89' lang='lat' dir='ltr'>presentibus</span> <span class='ocrx_word' id='word_1_142' title='bbox 1427 2043 1623 2109; x_wconf 86' lang='lat' dir='ltr'>admittimus</span> <span class='ocrx_word' id='word_1_143' title='bbox 1635 2045 1727 2111; x_wconf 89' lang='lat' dir='ltr'>vobis</span> <span class='ocrx_word' id='word_1_144' title='bbox 1736 2043 1865 2111; x_wconf 89' lang='lat' dir='ltr'>eosdem</span> 
     </span>
     <span class='ocr_line' id='line_1_20' title="bbox 554 2131 1866 2216; baseline 0.002 -19"><span class='ocrx_word' id='word_1_145' title='bbox 554 2131 814 2198; x_wconf 82' lang='lat' dir='ltr'>commendantes</span> <span class='ocrx_word' id='word_1_146' title='bbox 835 2133 1100 2216; x_wconf 84' lang='lat' dir='ltr'>exhortantesque</span> <span class='ocrx_word' id='word_1_147' title='bbox 1122 2133 1360 2198; x_wconf 84' lang='lat' dir='ltr'>universitatem</span> <span class='ocrx_word' id='word_1_148' title='bbox 1382 2139 1520 2198; x_wconf 91' lang='lat' dir='ltr'>vestram</span> <span class='ocrx_word' id='word_1_149' title='bbox 1541 2133 1572 2196; x_wconf 91' lang='lat' dir='ltr'>in</span> <span class='ocrx_word' id='word_1_150' title='bbox 1595 2132 1738 2216; x_wconf 91' lang='lat' dir='ltr'>domino,</span> <span class='ocrx_word' id='word_1_151' title='bbox 1764 2141 1799 2199; x_wconf 91' lang='lat' dir='ltr'>nt</span> <span class='ocrx_word' id='word_1_152' title='bbox 1824 2133 1866 2201; x_wconf 92' lang='lat' dir='ltr'>de</span> 
     </span>
     <span class='ocr_line' id='line_1_21' title="bbox 555 2219 1867 2304; baseline 0.003 -19"><span class='ocrx_word' id='word_1_153' title='bbox 555 2221 647 2286; x_wconf 92' lang='lat' dir='ltr'>bouis</span> <span class='ocrx_word' id='word_1_154' title='bbox 668 2227 700 2286; x_wconf 90' lang='lat' dir='ltr'>et</span> <span class='ocrx_word' id='word_1_155' title='bbox 720 2219 926 2289; x_wconf 84' lang='lat' dir='ltr'>facultatibus</span> <span class='ocrx_word' id='word_1_156' title='bbox 946 2222 1060 2288; x_wconf 89' lang='lat' dir='ltr'>vestris</span> <span class='ocrx_word' id='word_1_157' title='bbox 1080 2223 1172 2288; x_wconf 85' lang='lat' dir='ltr'>vobis</span> <span class='ocrx_word' id='word_1_158' title='bbox 1192 2221 1233 2288; x_wconf 92' lang='lat' dir='ltr'>de</span> <span class='ocrx_word' id='word_1_159' title='bbox 1254 2220 1361 2286; x_wconf 88' lang='lat' dir='ltr'>abalto</span> <span class='ocrx_word' id='word_1_160' title='bbox 1382 2221 1526 2304; x_wconf 82' lang='lat' dir='ltr'>elargitis</span> <span class='ocrx_word' id='word_1_161' title='bbox 1545 2241 1658 2287; x_wconf 89' lang='lat' dir='ltr'>manns</span> <span class='ocrx_word' id='word_1_162' title='bbox 1678 2229 1801 2288; x_wconf 89' lang='lat' dir='ltr'>vestras</span> <span class='ocrx_word' id='word_1_163' title='bbox 1822 2223 1867 2288; x_wconf 89' lang='lat' dir='ltr'>ad</span> 
     </span>
     <span class='ocr_line' id='line_1_22' title="bbox 552 2309 1865 2396; baseline 0.002 -22"><span class='ocrx_word' id='word_1_164' title='bbox 552 2309 709 2394; x_wconf 87' lang='lat' dir='ltr'>premissa</span> <span class='ocrx_word' id='word_1_165' title='bbox 728 2309 782 2395; x_wconf 93' lang='lat' dir='ltr'>pie</span> <span class='ocrx_word' id='word_1_166' title='bbox 799 2311 960 2395; x_wconf 86' lang='lat' dir='ltr'>porrigere</span> <span class='ocrx_word' id='word_1_167' title='bbox 980 2310 1137 2377; x_wconf 88' lang='lat' dir='ltr'>studeatis</span> <span class='ocrx_word' id='word_1_168' title='bbox 1153 2310 1324 2376; x_wconf 90' lang='lat' dir='ltr'>adiutrices</span> <span class='ocrx_word' id='word_1_169' title='bbox 1344 2310 1386 2376; x_wconf 88' lang='lat' dir='ltr'>ab</span> <span class='ocrx_word' id='word_1_170' title='bbox 1408 2330 1455 2392; x_wconf 91' lang='lat' dir='ltr'>eo,</span> <span class='ocrx_word' id='word_1_171' title='bbox 1477 2311 1565 2376; x_wconf 91' lang='lat' dir='ltr'>cuins</span> <span class='ocrx_word' id='word_1_172' title='bbox 1586 2332 1636 2377; x_wconf 91' lang='lat' dir='ltr'>res</span> <span class='ocrx_word' id='word_1_173' title='bbox 1656 2313 1774 2396; x_wconf 81' lang='lat' dir='ltr'>agitur,</span> <span class='ocrx_word' id='word_1_174' title='bbox 1789 2332 1865 2378; x_wconf 90' lang='lat' dir='ltr'>exu-</span> 
     </span>
     <span class='ocr_line' id='line_1_23' title="bbox 553 2399 1866 2486; baseline 0.002 -21"><span class='ocrx_word' id='word_1_175' title='bbox 553 2399 704 2465; x_wconf 87' lang='lat' dir='ltr'>beranoia</span> <span class='ocrx_word' id='word_1_176' title='bbox 726 2400 848 2483; x_wconf 89' lang='lat' dir='ltr'>premia</span> <span class='ocrx_word' id='word_1_177' title='bbox 867 2401 1061 2486; x_wconf 81' lang='lat' dir='ltr'>suscepturi3</span> <span class='ocrx_word' id='word_1_178' title='bbox 1090 2400 1182 2465; x_wconf 89' lang='lat' dir='ltr'>vobis</span> <span class='ocrx_word' id='word_1_179' title='bbox 1203 2418 1279 2464; x_wconf 81' lang='lat' dir='ltr'>uero</span> <span class='ocrx_word' id='word_1_180' title='bbox 1301 2399 1461 2484; x_wconf 90' lang='lat' dir='ltr'>plebanis,</span> <span class='ocrx_word' id='word_1_181' title='bbox 1488 2400 1742 2485; x_wconf 87' lang='lat' dir='ltr'>predicatoribus</span> <span class='ocrx_word' id='word_1_182' title='bbox 1769 2408 1866 2484; x_wconf 89' lang='lat' dir='ltr'>atque</span> 
     </span>
     <span class='ocr_line' id='line_1_24' title="bbox 554 2487 1866 2572; baseline 0.003 -20"><span class='ocrx_word' id='word_1_183' title='bbox 554 2487 673 2552; x_wconf 85' lang='lat' dir='ltr'>curatis</span> <span class='ocrx_word' id='word_1_184' title='bbox 694 2487 887 2572; x_wconf 86' lang='lat' dir='ltr'>supradictis</span> <span class='ocrx_word' id='word_1_185' title='bbox 906 2491 938 2554; x_wconf 93' lang='lat' dir='ltr'>in</span> <span class='ocrx_word' id='word_1_186' title='bbox 955 2490 1071 2556; x_wconf 90' lang='lat' dir='ltr'>virtute</span> <span class='ocrx_word' id='word_1_187' title='bbox 1089 2495 1200 2554; x_wconf 87' lang='lat' dir='ltr'>sancte</span> <span class='ocrx_word' id='word_1_188' title='bbox 1212 2487 1394 2556; x_wconf 90' lang='lat' dir='ltr'>obedientie</span> <span class='ocrx_word' id='word_1_189' title='bbox 1404 2489 1599 2572; x_wconf 84' lang='lat' dir='ltr'>iniungimus</span> <span class='ocrx_word' id='word_1_190' title='bbox 1610 2510 1650 2555; x_wconf 92' lang='lat' dir='ltr'>ac</span> <span class='ocrx_word' id='word_1_191' title='bbox 1665 2491 1866 2572; x_wconf 84' lang='lat' dir='ltr'>mandamus,</span> 
     </span>
     <span class='ocr_line' id='line_1_25' title="bbox 553 2577 1867 2663; baseline 0.004 -24"><span class='ocrx_word' id='word_1_192' title='bbox 553 2583 724 2657; x_wconf 89' lang='lat' dir='ltr'>quatenus,</span> <span class='ocrx_word' id='word_1_193' title='bbox 761 2597 829 2642; x_wconf 89' lang='lat' dir='ltr'>eum</span> <span class='ocrx_word' id='word_1_194' title='bbox 862 2580 989 2644; x_wconf 90' lang='lat' dir='ltr'>nuntios</span> <span class='ocrx_word' id='word_1_195' title='bbox 1021 2577 1196 2663; x_wconf 88' lang='lat' dir='ltr'>supradicti</span> <span class='ocrx_word' id='word_1_196' title='bbox 1224 2577 1407 2642; x_wconf 84' lang='lat' dir='ltr'>monasterii</span> <span class='ocrx_word' id='word_1_197' title='bbox 1438 2577 1479 2641; x_wconf 90' lang='lat' dir='ltr'>ad</span> <span class='ocrx_word' id='word_1_198' title='bbox 1512 2599 1569 2644; x_wconf 88' lang='lat' dir='ltr'>vos</span> <span class='ocrx_word' id='word_1_199' title='bbox 1599 2580 1731 2661; x_wconf 89' lang='lat' dir='ltr'>locaque</span> <span class='ocrx_word' id='word_1_200' title='bbox 1758 2587 1867 2644; x_wconf 89' lang='lat' dir='ltr'>vestra</span> 
     </span>
     <span class='ocr_line' id='line_1_26' title="bbox 552 2665 1864 2751; baseline 0.003 -23"><span class='ocrx_word' id='word_1_201' title='bbox 552 2665 710 2730; x_wconf 83' lang='lat' dir='ltr'>divertere</span> <span class='ocrx_word' id='word_1_202' title='bbox 737 2666 920 2749; x_wconf 82' lang='lat' dir='ltr'>eontigerit,</span> <span class='ocrx_word' id='word_1_203' title='bbox 948 2667 1153 2734; x_wconf 90' lang='lat' dir='ltr'>elemosinam</span> <span class='ocrx_word' id='word_1_204' title='bbox 1179 2673 1321 2732; x_wconf 66' lang='lat' dir='ltr'>sancum</span> <span class='ocrx_word' id='word_1_205' title='bbox 1347 2667 1491 2750; x_wconf 89' lang='lat' dir='ltr'>petituri,</span> <span class='ocrx_word' id='word_1_206' title='bbox 1517 2668 1604 2751; x_wconf 91' lang='lat' dir='ltr'>ipsos</span> <span class='ocrx_word' id='word_1_207' title='bbox 1627 2667 1864 2751; x_wconf 87' lang='lat' dir='ltr'>adpetendum</span> 
     </span>
     <span class='ocr_line' id='line_1_27' title="bbox 553 2752 1865 2838; baseline 0.003 -20"><span class='ocrx_word' id='word_1_208' title='bbox 553 2759 585 2818; x_wconf 91' lang='lat' dir='ltr'>et</span> <span class='ocrx_word' id='word_1_209' title='bbox 603 2752 744 2818; x_wconf 88' lang='lat' dir='ltr'>fidelium</span> <span class='ocrx_word' id='word_1_210' title='bbox 763 2755 917 2838; x_wconf 82' lang='lat' dir='ltr'>suffragia</span> <span class='ocrx_word' id='word_1_211' title='bbox 938 2755 1174 2838; x_wconf 89' lang='lat' dir='ltr'>quomodolibet</span> <span class='ocrx_word' id='word_1_212' title='bbox 1195 2755 1409 2838; x_wconf 82' lang='lat' dir='ltr'>colligendum</span> <span class='ocrx_word' id='word_1_213' title='bbox 1429 2755 1607 2821; x_wconf 87' lang='lat' dir='ltr'>admittatis</span> <span class='ocrx_word' id='word_1_214' title='bbox 1632 2762 1664 2820; x_wconf 92' lang='lat' dir='ltr'>et</span> <span class='ocrx_word' id='word_1_215' title='bbox 1689 2758 1730 2821; x_wconf 91' lang='lat' dir='ltr'>de</span> <span class='ocrx_word' id='word_1_216' title='bbox 1755 2755 1865 2822; x_wconf 87' lang='lat' dir='ltr'>ambo·</span> 
     </span>
     <span class='ocr_line' id='line_1_28' title="bbox 553 2842 1865 2927; baseline 0.002 -21"><span class='ocrx_word' id='word_1_217' title='bbox 553 2842 647 2908; x_wconf 90' lang='lat' dir='ltr'>uibus</span> <span class='ocrx_word' id='word_1_218' title='bbox 677 2848 853 2908; x_wconf 83' lang='lat' dir='ltr'>vestrarum</span> <span class='ocrx_word' id='word_1_219' title='bbox 884 2843 1090 2910; x_wconf 89' lang='lat' dir='ltr'>ecelesiarum</span> <span class='ocrx_word' id='word_1_220' title='bbox 1124 2862 1229 2908; x_wconf 90' lang='lat' dir='ltr'>eoram</span> <span class='ocrx_word' id='word_1_221' title='bbox 1263 2843 1381 2927; x_wconf 89' lang='lat' dir='ltr'>populo</span> <span class='ocrx_word' id='word_1_222' title='bbox 1412 2843 1503 2911; x_wconf 86' lang='lat' dir='ltr'>vobis</span> <span class='ocrx_word' id='word_1_223' title='bbox 1540 2843 1661 2909; x_wconf 90' lang='lat' dir='ltr'>credito</span> <span class='ocrx_word' id='word_1_224' title='bbox 1698 2845 1865 2910; x_wconf 85' lang='lat' dir='ltr'>sinceriter</span> 
     </span>
     <span class='ocr_line' id='line_1_29' title="bbox 552 2931 1864 3017; baseline 0.003 -22"><span class='ocrx_word' id='word_1_225' title='bbox 552 2933 767 3015; x_wconf 86' lang='lat' dir='ltr'>promoveatis</span> <span class='ocrx_word' id='word_1_226' title='bbox 793 2932 1033 3017; x_wconf 87' lang='lat' dir='ltr'>promoverique</span> <span class='ocrx_word' id='word_1_227' title='bbox 1060 2931 1203 3012; x_wconf 82' lang='lat' dir='ltr'>faciatis,</span> <span class='ocrx_word' id='word_1_228' title='bbox 1229 2932 1290 2998; x_wconf 94' lang='lat' dir='ltr'>deo</span> <span class='ocrx_word' id='word_1_229' title='bbox 1317 2932 1433 3007; x_wconf 82' lang='lat' dir='ltr'>exinde</span> <span class='ocrx_word' id='word_1_230' title='bbox 1459 2953 1497 2998; x_wconf 90' lang='lat' dir='ltr'>ao</span> <span class='ocrx_word' id='word_1_231' title='bbox 1526 2933 1619 2999; x_wconf 90' lang='lat' dir='ltr'>nobis</span> <span class='ocrx_word' id='word_1_232' title='bbox 1646 2953 1710 2998; x_wconf 91' lang='lat' dir='ltr'>rem</span> <span class='ocrx_word' id='word_1_233' title='bbox 1737 2939 1864 3017; x_wconf 84' lang='lat' dir='ltr'>gratam</span> 
     </span>
     <span class='ocr_line' id='line_1_30' title="bbox 552 3019 1866 3106; baseline 0.002 -20"><span class='ocrx_word' id='word_1_234' title='bbox 552 3020 749 3086; x_wconf 83' lang='lat' dir='ltr'>exhibentes.</span> <span class='ocrx_word' id='word_1_235' title='bbox 797 3023 865 3086; x_wconf 83' lang='lat' dir='ltr'>Nor</span> <span class='ocrx_word' id='word_1_236' title='bbox 898 3023 982 3086; x_wconf 92' lang='lat' dir='ltr'>enim</span> <span class='ocrx_word' id='word_1_237' title='bbox 1009 3019 1162 3086; x_wconf 82' lang='lat' dir='ltr'>Ernestus</span> <span class='ocrx_word' id='word_1_238' title='bbox 1194 3020 1452 3106; x_wconf 87' lang='lat' dir='ltr'>archiepiscopus</span> <span class='ocrx_word' id='word_1_239' title='bbox 1484 3023 1624 3105; x_wconf 85' lang='lat' dir='ltr'>prefatus</span> <span class='ocrx_word' id='word_1_240' title='bbox 1654 3023 1802 3089; x_wconf 91' lang='lat' dir='ltr'>omnibus</span> <span class='ocrx_word' id='word_1_241' title='bbox 1831 3031 1866 3088; x_wconf 89' lang='lat' dir='ltr'>et</span> 
     </span>
     <span class='ocr_line' id='line_1_31' title="bbox 550 3109 1863 3195; baseline 0.002 -20"><span class='ocrx_word' id='word_1_242' title='bbox 550 3110 686 3192; x_wconf 79' lang='lat' dir='ltr'>singulis</span> <span class='ocrx_word' id='word_1_243' title='bbox 714 3129 788 3175; x_wconf 85' lang='lat' dir='ltr'>vere</span> <span class='ocrx_word' id='word_1_244' title='bbox 815 3109 1032 3195; x_wconf 89' lang='lat' dir='ltr'>penitentibus</span> <span class='ocrx_word' id='word_1_245' title='bbox 1059 3115 1091 3173; x_wconf 90' lang='lat' dir='ltr'>et</span> <span class='ocrx_word' id='word_1_246' title='bbox 1121 3109 1274 3175; x_wconf 84' lang='lat' dir='ltr'>confessis</span> <span class='ocrx_word' id='word_1_247' title='bbox 1301 3109 1482 3176; x_wconf 88' lang='lat' dir='ltr'>hominibus</span> <span class='ocrx_word' id='word_1_248' title='bbox 1507 3110 1779 3192; x_wconf 82' lang='lat' dir='ltr'>christifidelibus,</span> <span class='ocrx_word' id='word_1_249' title='bbox 1807 3114 1863 3194; x_wconf 94' lang='lat' dir='ltr'>qui</span> 
     </span>
     <span class='ocr_line' id='line_1_32' title="bbox 550 3197 1863 3283; baseline 0.002 -20"><span class='ocrx_word' id='word_1_250' title='bbox 550 3198 594 3263; x_wconf 91' lang='lat' dir='ltr'>ad</span> <span class='ocrx_word' id='word_1_251' title='bbox 623 3199 842 3283; x_wconf 90' lang='lat' dir='ltr'>suprascripta</span> <span class='ocrx_word' id='word_1_252' title='bbox 870 3217 945 3264; x_wconf 86' lang='lat' dir='ltr'>snas</span> <span class='ocrx_word' id='word_1_253' title='bbox 976 3197 1213 3279; x_wconf 88' lang='lat' dir='ltr'>quomodolibet</span> <span class='ocrx_word' id='word_1_254' title='bbox 1246 3217 1359 3263; x_wconf 88' lang='lat' dir='ltr'>manns</span> <span class='ocrx_word' id='word_1_255' title='bbox 1389 3198 1596 3282; x_wconf 83' lang='lat' dir='ltr'>porrigendas</span> <span class='ocrx_word' id='word_1_256' title='bbox 1627 3198 1776 3266; x_wconf 90' lang='lat' dir='ltr'>duxerint</span> <span class='ocrx_word' id='word_1_257' title='bbox 1806 3202 1863 3266; x_wconf 94' lang='lat' dir='ltr'>ad-</span> 
     </span>
     <span class='ocr_line' id='line_1_33' title="bbox 549 3284 1864 3371; baseline 0.002 -19"><span class='ocrx_word' id='word_1_258' title='bbox 549 3287 678 3354; x_wconf 88' lang='lat' dir='ltr'>iutrices</span> <span class='ocrx_word' id='word_1_259' title='bbox 708 3287 749 3352; x_wconf 92' lang='lat' dir='ltr'>de</span> <span class='ocrx_word' id='word_1_260' title='bbox 780 3285 1006 3371; x_wconf 91' lang='lat' dir='ltr'>omnipotentis</span> <span class='ocrx_word' id='word_1_261' title='bbox 1033 3284 1086 3352; x_wconf 92' lang='lat' dir='ltr'>dei</span> <span class='ocrx_word' id='word_1_262' title='bbox 1119 3285 1338 3352; x_wconf 87' lang='lat' dir='ltr'>misericordia</span> <span class='ocrx_word' id='word_1_263' title='bbox 1367 3305 1488 3352; x_wconf 88' lang='lat' dir='ltr'>necnon</span> <span class='ocrx_word' id='word_1_264' title='bbox 1523 3289 1684 3353; x_wconf 86' lang='lat' dir='ltr'>beatorum</span> <span class='ocrx_word' id='word_1_265' title='bbox 1711 3288 1797 3354; x_wconf 88' lang='lat' dir='ltr'>Petri</span> <span class='ocrx_word' id='word_1_266' title='bbox 1830 3295 1864 3354; x_wconf 90' lang='lat' dir='ltr'>et</span> 
     </span>
     <span class='ocr_line' id='line_1_34' title="bbox 548 3373 1862 3461; baseline 0.003 -21"><span class='ocrx_word' id='word_1_267' title='bbox 548 3375 641 3441; x_wconf 90' lang='lat' dir='ltr'>Pauli</span> <span class='ocrx_word' id='word_1_268' title='bbox 668 3375 882 3461; x_wconf 88' lang='lat' dir='ltr'>apostolorum</span> <span class='ocrx_word' id='word_1_269' title='bbox 912 3375 1100 3440; x_wconf 88' lang='lat' dir='ltr'>auctoritate</span> <span class='ocrx_word' id='word_1_270' title='bbox 1130 3393 1169 3439; x_wconf 89' lang='lat' dir='ltr'>ae</span> <span class='ocrx_word' id='word_1_271' title='bbox 1199 3373 1303 3440; x_wconf 91' lang='lat' dir='ltr'>sancti</span> <span class='ocrx_word' id='word_1_272' title='bbox 1333 3373 1479 3439; x_wconf 83' lang='lat' dir='ltr'>Maurieii</span> <span class='ocrx_word' id='word_1_273' title='bbox 1520 3385 1552 3440; x_wconf 89' lang='lat' dir='ltr'>et</span> <span class='ocrx_word' id='word_1_274' title='bbox 1587 3377 1743 3443; x_wconf 90' lang='lat' dir='ltr'>sociorum</span> <span class='ocrx_word' id='word_1_275' title='bbox 1782 3379 1862 3456; x_wconf 91' lang='lat' dir='ltr'>eins,</span> 
     </span>
     <span class='ocr_line' id='line_1_35' title="bbox 550 3461 1863 3549; baseline 0.003 -20"><span class='ocrx_word' id='word_1_276' title='bbox 550 3472 725 3532; x_wconf 89' lang='lat' dir='ltr'>nostrorum</span> <span class='ocrx_word' id='word_1_277' title='bbox 747 3469 968 3548; x_wconf 88' lang='lat' dir='ltr'>patronorum,</span> <span class='ocrx_word' id='word_1_278' title='bbox 991 3463 1113 3527; x_wconf 89' lang='lat' dir='ltr'>meritis</span> <span class='ocrx_word' id='word_1_279' title='bbox 1134 3461 1243 3527; x_wconf 84' lang='lat' dir='ltr'>conlisi</span> <span class='ocrx_word' id='word_1_280' title='bbox 1264 3461 1478 3545; x_wconf 81' lang='lat' dir='ltr'>quadraginta</span> <span class='ocrx_word' id='word_1_281' title='bbox 1498 3462 1569 3529; x_wconf 91' lang='lat' dir='ltr'>dies</span> <span class='ocrx_word' id='word_1_282' title='bbox 1587 3465 1863 3549; x_wconf 84' lang='lat' dir='ltr'>indulgenciarum</span> 
     </span>
     <span class='ocr_line' id='line_1_36' title="bbox 548 3551 1863 3639; baseline 0.002 -19"><span class='ocrx_word' id='word_1_283' title='bbox 548 3554 589 3620; x_wconf 89' lang='lat' dir='ltr'>de</span> <span class='ocrx_word' id='word_1_284' title='bbox 616 3555 767 3620; x_wconf 88' lang='lat' dir='ltr'>iniunctis</span> <span class='ocrx_word' id='word_1_285' title='bbox 794 3552 842 3618; x_wconf 87' lang='lat' dir='ltr'>eis</span> <span class='ocrx_word' id='word_1_286' title='bbox 868 3551 1059 3637; x_wconf 89' lang='lat' dir='ltr'>peniteneiis</span> <span class='ocrx_word' id='word_1_287' title='bbox 1084 3551 1328 3616; x_wconf 87' lang='lat' dir='ltr'>misericorditer</span> <span class='ocrx_word' id='word_1_288' title='bbox 1356 3553 1388 3616; x_wconf 92' lang='lat' dir='ltr'>in</span> <span class='ocrx_word' id='word_1_289' title='bbox 1415 3551 1542 3617; x_wconf 91' lang='lat' dir='ltr'>domino</span> <span class='ocrx_word' id='word_1_290' title='bbox 1569 3553 1763 3631; x_wconf 84' lang='lat' dir='ltr'>relaxamus,</span> <span class='ocrx_word' id='word_1_291' title='bbox 1791 3577 1863 3639; x_wconf 92' lang='lat' dir='ltr'>pre·</span> 
     </span>
     <span class='ocr_line' id='line_1_37' title="bbox 547 3637 1861 3711; baseline -0.001 0"><span class='ocrx_word' id='word_1_292' title='bbox 547 3645 690 3711; x_wconf 91' lang='lat' dir='ltr'>sentibus</span> <span class='ocrx_word' id='word_1_293' title='bbox 712 3652 818 3709; x_wconf 88' lang='lat' dir='ltr'>tamen</span> <span class='ocrx_word' id='word_1_294' title='bbox 839 3639 954 3705; x_wconf 88' lang='lat' dir='ltr'>litteris</span> <span class='ocrx_word' id='word_1_295' title='bbox 975 3639 1091 3705; x_wconf 89' lang='lat' dir='ltr'>nostris</span> <span class='ocrx_word' id='word_1_296' title='bbox 1117 3637 1160 3704; x_wconf 92' lang='lat' dir='ltr'>ad</span> <span class='ocrx_word' id='word_1_297' title='bbox 1185 3658 1302 3704; x_wconf 88' lang='lat' dir='ltr'>aunum</span> <span class='ocrx_word' id='word_1_298' title='bbox 1323 3639 1366 3704; x_wconf 89' lang='lat' dir='ltr'>ab</span> <span class='ocrx_word' id='word_1_299' title='bbox 1391 3639 1563 3705; x_wconf 89' lang='lat' dir='ltr'>earundem</span> <span class='ocrx_word' id='word_1_300' title='bbox 1589 3641 1665 3707; x_wconf 89' lang='lat' dir='ltr'>dato</span> <span class='ocrx_word' id='word_1_301' title='bbox 1693 3643 1861 3710; x_wconf 88' lang='lat' dir='ltr'>dumtaxat</span> 
     </span>
     <span class='ocr_line' id='line_1_38' title="bbox 548 3731 888 3800; baseline -0.018 -2"><span class='ocrx_word' id='word_1_302' title='bbox 548 3755 607 3800; x_wconf 93' lang='lat' dir='ltr'>nee</span> <span class='ocrx_word' id='word_1_303' title='bbox 630 3735 712 3800; x_wconf 90' lang='lat' dir='ltr'>ultra</span> <span class='ocrx_word' id='word_1_304' title='bbox 734 3731 888 3796; x_wconf 88' lang='lat' dir='ltr'>valituris.</span> 
     </span>
    </p>

    <p class='ocr_par' dir='ltr' id='par_1_5' title="bbox 549 3815 1861 4080">
     <span class='ocr_line' id='line_1_39' title="bbox 558 3815 1860 3904; baseline -0.001 -17"><span class='ocrx_word' id='word_1_305' title='bbox 558 3841 564 3855; x_wconf 91' lang='lat'><em>·</em></span> <span class='ocrx_word' id='word_1_306' title='bbox 630 3823 745 3887; x_wconf 91' lang='lat' dir='ltr'>Datum</span> <span class='ocrx_word' id='word_1_307' title='bbox 768 3821 800 3886; x_wconf 93' lang='lat' dir='ltr'>in</span> <span class='ocrx_word' id='word_1_308' title='bbox 822 3819 953 3884; x_wconf 88' lang='lat' dir='ltr'>civitate</span> <span class='ocrx_word' id='word_1_309' title='bbox 974 3823 1083 3883; x_wconf 89' lang='lat' dir='ltr'>nostra</span> <span class='ocrx_word' id='word_1_310' title='bbox 1103 3815 1310 3895; x_wconf 88' lang='lat' dir='ltr'>Halberstad‚</span> <span class='ocrx_word' id='word_1_311' title='bbox 1337 3835 1421 3882; x_wconf 91' lang='lat' dir='ltr'>auno</span> <span class='ocrx_word' id='word_1_312' title='bbox 1448 3818 1568 3883; x_wconf 91' lang='lat' dir='ltr'>domini</span> <span class='ocrx_word' id='word_1_313' title='bbox 1595 3819 1763 3886; x_wconf 91' lang='lat' dir='ltr'>millesimo</span> <span class='ocrx_word' id='word_1_314' title='bbox 1783 3840 1860 3904; x_wconf 89' lang='lat' dir='ltr'>qua·</span> 
     </span>
     <span class='ocr_line' id='line_1_40' title="bbox 549 3906 1861 3993; baseline 0.001 -16"><span class='ocrx_word' id='word_1_315' title='bbox 549 3911 797 3993; x_wconf 84' lang='lat' dir='ltr'>dringentesimo</span> <span class='ocrx_word' id='word_1_316' title='bbox 828 3908 1035 3990; x_wconf 85' lang='lat' dir='ltr'>nonagesimo</span> <span class='ocrx_word' id='word_1_317' title='bbox 1067 3906 1217 3989; x_wconf 90' lang='lat' dir='ltr'>septimo,</span> <span class='ocrx_word' id='word_1_318' title='bbox 1251 3906 1305 3971; x_wconf 93' lang='lat' dir='ltr'>die</span> <span class='ocrx_word' id='word_1_319' title='bbox 1339 3906 1466 3971; x_wconf 91' lang='lat' dir='ltr'>sabbati</span> <span class='ocrx_word' id='word_1_320' title='bbox 1500 3907 1563 3971; x_wconf 89' lang='lat' dir='ltr'>XX</span> <span class='ocrx_word' id='word_1_321' title='bbox 1596 3909 1708 3990; x_wconf 89' lang='lat' dir='ltr'>quinta</span> <span class='ocrx_word' id='word_1_322' title='bbox 1741 3912 1861 3978; x_wconf 86' lang='lat' dir='ltr'>mensis</span> 
     </span>
     <span class='ocr_line' id='line_1_41' title="bbox 550 3995 1519 4080; baseline -0.007 -14"><span class='ocrx_word' id='word_1_323' title='bbox 550 3999 729 4080; x_wconf 83' lang='lat' dir='ltr'>Februarii,</span> <span class='ocrx_word' id='word_1_324' title='bbox 750 4003 857 4064; x_wconf 88' lang='lat' dir='ltr'>nostro</span> <span class='ocrx_word' id='word_1_325' title='bbox 878 3997 937 4062; x_wconf 93' lang='lat' dir='ltr'>sub</span> <span class='ocrx_word' id='word_1_326' title='bbox 959 3995 1066 4080; x_wconf 86' lang='lat' dir='ltr'>sigillo</span> <span class='ocrx_word' id='word_1_327' title='bbox 1087 3995 1286 4078; x_wconf 88' lang='lat' dir='ltr'>presentibus</span> <span class='ocrx_word' id='word_1_328' title='bbox 1309 3995 1519 4079; x_wconf 90' lang='lat' dir='ltr'>subimpenso.</span> 
     </span>
    </p>
   </div>
   <div class='ocr_carea' id='block_1_5' title="bbox 622 4150 1382 4221">
    <p class='ocr_par' dir='ltr' id='par_1_6' title="bbox 622 4150 1382 4221">
     <span class='ocr_line' id='line_1_42' title="bbox 622 4150 1382 4221; baseline -0.004 -14"><span class='ocrx_word' id='word_1_329' title='bbox 622 4151 727 4207; x_wconf 81' lang='lat' dir='ltr'>h&#39;reebr.</span> <span class='ocrx_word' id='word_1_330' title='bbox 748 4151 822 4221; x_wconf 79' lang='lat' dir='ltr'>Perp.</span> <span class='ocrx_word' id='word_1_331' title='bbox 839 4152 929 4206; x_wconf 85' lang='lat' dir='ltr'>Wern.</span> <span class='ocrx_word' id='word_1_332' title='bbox 966 4150 1050 4220; x_wconf 62' lang='lat' dir='ltr'>nepa</span> <span class='ocrx_word' id='word_1_333' title='bbox 1068 4151 1143 4206; x_wconf 75' lang='lat' dir='ltr'>uictu</span> <span class='ocrx_word' id='word_1_334' title='bbox 1163 4150 1237 4204; x_wconf 76' lang='lat' dir='ltr'>ntebr</span> <span class='ocrx_word' id='word_1_335' title='bbox 1255 4151 1382 4205; x_wconf 67' lang='lat' dir='ltr'>erlurlm</span> 
     </span>
    </p>
   </div>
   <div class='ocr_carea' id='block_1_6' title="bbox 1080 4360 1330 4367">
    <p class='ocr_par' dir='ltr' id='par_1_7' title="bbox 1080 4360 1330 4367">
     <span class='ocr_line' id='line_1_43' title="bbox 1080 4360 1330 4367; baseline 0 -1"><span class='ocrx_word' id='word_1_336' title='bbox 1080 4360 1330 4367; x_wconf 72' lang='lat'>——-—--.-</span> 
     </span>
    </p>
   </div>
   <div class='ocr_carea' id='block_1_7' title="bbox 0 0 2234 5167">
    <p class='ocr_par' dir='ltr' id='par_1_8' title="bbox 0 0 2234 5167">
     <span class='ocr_line' id='line_1_44' title="bbox 0 0 2234 5167; baseline 0 7"><span class='ocrx_word' id='word_1_337' title='bbox 0 0 2234 5167; x_wconf 95' lang='lat' dir='ltr'> </span> 
     </span>
    </p>
   </div>
  </div>
 </body>
</html>
