4459 5167
495 313 547 368 858
748 309 1032 366 Cistereienserinnen-
1051 308 1270 378 (Heiligenblnt-)
1287 309 1396 364 illuster
1405 307 1548 364 Waterler.

495 459 537 526 ad
570 480 627 526 nos
652 465 854 542 nostrumque
880 461 1022 524 ordinem
1050 459 1233 524 ferventiori
1259 458 1365 522 animo
1386 459 1538 540 aspirant.
1580 458 1673 523 Unde
1694 463 1802 525 notum

494 550 627 615 t'acimus
649 550 815 631 universis,
835 548 920 632 quod
940 549 1017 630 quia
1037 548 1215 633 predictam
1226 547 1442 612 venerabilem
1460 546 1620 614 dominam
1641 550 1801 632 Agnetam

493 639 535 704 de
562 638 750 723 Borclrtorp,
783 638 861 704 dicti
894 637 1078 702 monasterii
1105 635 1302 702 abbatissam
1325 634 1514 718 Waterlere‚
1548 655 1612 701 una
1646 657 1718 702 cum
1746 637 1800 704 de-

494 727 577 794 votis
607 727 831 810 religiosisque
863 726 1023 792 sororibus
1055 727 1104 792 sui
1135 730 1309 790 conventus
1342 744 1382 790 ex
1412 726 1557 791 sincero¹
1589 725 1705 791 affeetu
1737 747 1799 792 non

494 817 631 896 quodam
660 817 795 900 angaria
822 816 863 880 ad
895 816 1014 881 dictum
1041 813 1218 879 subsidium
1243 813 1365 879 ordinis
1390 819 1426 877 ut
1455 818 1631 895 pretactum
1664 835 1722 898 pro
1755 836 1800 881 re-

495 905 682 991 dempcione
718 904 974 990 privilegiorum,
1008 903 1206 983 libertatum,
1241 902 1462 968 inmunitatum
1492 921 1531 967 ac
1560 908 1800 986 exempcionum

494 995 716 1079 redempcione
743 1002 883 1080 tempore
914 1001 1060 1060 currente
1087 993 1240 1058 indictum
1270 1012 1328 1076 pro
1354 1011 1479 1058 suarum
1507 992 1621 1058 virium
1646 993 1802 1074 qualitate

496 1084 641 1166 largiflue
662 1083 741 1150 duos
761 1083 896 1150 florenos
909 1084 1072 1150 Renenses
1093 1103 1134 1148 ex
1154 1081 1286 1146 affectus
1303 1082 1486 1148 sinceritate
1507 1082 1704 1147 contribuere
1725 1083 1803 1147 haut

493 1173 606 1257 piguit,
627 1194 684 1258 pro
699 1193 762 1256 qua
777 1193 811 1239 re
826 1173 929 1240 vicem
947 1191 1053 1239 eorum
1075 1191 1113 1235 ec
1133 1171 1317 1236 monasterii
1337 1171 1474 1235 utilitate
1487 1170 1623 1236 utdecet
1635 1171 1801 1237 refundere

496 1262 676 1346 cupientes,
705 1262 790 1328 dicte
819 1261 946 1327 domine
968 1263 1092 1340 Agnete
1123 1259 1163 1323 de
1182 1259 1356 1341 Borehtorp
1385 1259 1548 1324 abbatisse
1571 1263 1813 1343 conventuiqne·

493 1351 526 1414 in
560 1351 722 1435 sepedicto
748 1351 938 1417 monasterio
966 1349 1025 1413 deo
1056 1347 1285 1414 famulantibus
1316 1349 1503 1412 auctoritate
1537 1349 1672 1432 predicti
1702 1351 1801 1416 nostri

494 1439 615 1506 ordinis
643 1440 770 1524 plenam
799 1444 831 1503 et
857 1439 1015 1520 integram
1044 1435 1235 1502 conferimus
1265 1437 1403 1501 omnium
1432 1438 1531 1502 nostri
1558 1437 1680 1502 ordinis
1704 1438 1802 1523 privi-

494 1528 647 1611 legiorum
669 1547 690 1593 a
710 1527 920 1593 sanctissimis
932 1527 1072 1592 Romane
1091 1526 1178 1590 sedis
1197 1524 1382 1608 apostolicis
1408 1528 1507 1591 nostri
1528 1526 1632 1592 ordini
1657 1528 1803 1608 graciose

496 1618 687 1683 indultorum
708 1616 817 1682 utendi
836 1617 1072 1696 anctoritatem,
1098 1615 1263 1698 quociens,
1286 1613 1411 1697 quando
1432 1625 1464 1679 et
1484 1615 1539 1680 ubi
1561 1614 1676 1680 exhinc
1696 1623 1728 1680 et
1748 1617 1803 1682 de-

497 1707 606 1788 inceps
628 1705 747 1770 eisdem
764 1724 959 1788 quocumque
980 1705 1046 1769 foro
1066 1722 1195 1768 necesse
1217 1702 1476 1785 commodumque
1495 1703 1600 1784 tuerit,
1621 1703 1802 1770 inhibentes

496 1793 642 1879 predicta
669 1795 857 1859 auctoritate
882 1793 999 1860 exinde
1026 1798 1058 1858 et
1085 1811 1126 1856 ne
1152 1791 1192 1858 de
1220 1796 1324 1856 cetero
1347 1793 1459 1873 quovis
1481 1790 1575 1856 modo
1595 1793 1647 1858 vel
1674 1814 1695 1858 a
1721 1815 1802 1860 cem-

495 1882 649 1948 missariis
681 1882 733 1948 rel
765 1882 1021 1949 reformatoribus
1057 1881 1117 1946 hac
1148 1881 1180 1944 in
1220 1899 1318 1945 eausa
1346 1880 1524 1962 inquietent
1538 1882 1572 1962 (l)
1605 1881 1657 1947 vel
1689 1885 1803 1965 quavis

494 1971 661 2038 occasione
681 1980 865 2055 graventur,
894 1971 978 2054 quod
1000 1972 1028 2036 si
1049 1971 1121 2053 quis
1142 1970 1237 2034 dietis
1258 1968 1531 2050 concessionibus,
1562 1971 1803 2052 donacionibus,

496 2060 697 2126 libertatibus
718 2080 796 2126 ausu
820 2061 984 2125 temerario
1003 2058 1203 2137 contraierit,
1231 2077 1381 2123 censuras
1406 2058 1658 2124 districtissimas
1682 2061 1803 2126 ordinis

494 2150 593 2214 nostri
615 2169 686 2215 sere
707 2149 830 2215 nerent
851 2149 1055 2214 incursurum.
1855 2205 1858 2212 .

577 2237 694 2302 Datum
717 2235 1019 2319 ltiddaghesbusen,
1045 2256 1130 2302 anno
1157 2235 1278 2302 domini
1299 2234 1466 2300 millesimo
1488 2236 1802 2320 quadringentesimo

496 2326 712 2409 octuagesimo
745 2333 875 2407 ocmvo,
909 2333 1020 2408 quarto
1045 2325 1203 2391 kalendas
1235 2325 1361 2404 Iunias,
1389 2325 1447 2390 sub
1480 2327 1676 2410 appensione
1704 2329 1802 2394 nostri

495 2415 656 2480 abbaciali
669 2411 704 2496 (t)
725 2415 833 2498 sigilli.

576 2514 682 2568 Ursebr.
702 2513 776 2584 Perp.
792 2515 882 2570 Wern.
917 2515 980 2570 Des
997 2515 1069 2569 rethe
1087 2514 1272 2583 piarubolbelie
1286 2514 1461 2583 Weebssiepel
1479 2515 1510 2567 in
1526 2515 1611 2584 pellar
1629 2516 1752 2571 Selebsaet
1769 2518 1804 2571 ist

495 2585 560 2640 οὑεη
578 2584 734 2654 besebiidipt.

569 2666 596 2734 l)
621 2665 685 2719 Urlr.
702 2667 812 2720 ducere.
1072 2705 1322 2712 -—--—-

496 2779 611 2861 1488.
639 2779 890 2881 September
906 2779 971 2860 29.
1715 2783 1801 2864 197.

597 2901 694 2967 Cordl
719 2901 783 2966 und
805 2901 929 2966 Clawes
951 2921 1012 2964 von
1035 2899 1214 2984 lllynsleve,
1245 2898 1419 2974 Gabriele,
1448 2901 1634 2981 usercenses,
1656 2904 1713 2965 mit
1739 2903 1803 2966 Zu-

596 3001 766 3081 stimmnnp
790 2999 986 3075 Hennenses,
1014 2998 1093 3062 Abts
1119 2997 1172 3060 des
1199 2997 1338 3080 stychtes
1367 3004 1397 3062 to
1422 2997 1625 3080 Illlenboreh,
1651 3001 1804 3083 lenherre,

597 3098 672 3162 swei
688 3096 801 3178 Hersen
812 3097 948 3172 Laudes,
968 3095 1089 3176 pelepen
1111 3095 1144 3160 in
1166 3094 1257 3158 deme
1270 3094 1433 3160 Redebere
1454 3095 1526 3159 dale
1548 3097 1617 3159 arrd
1637 3118 1692 3161 ror
1713 3098 1804 3164 deme

597 3194 740 3276 Homne,
766 3196 822 3276 fiir
845 3198 889 3258 30
903 3192 1101 3272 collatitiae
1118 3192 1216 3256 rliein.
1235 3191 1363 3257 Galilaea
1384 3193 1440 3258 der
1460 3193 1677 3276 erwerdigenn
1700 3197 1804 3262 unnde

598 3292 728 3375 innigen
746 3291 1010 3374 junekfrouwenn
1032 3290 1142 3355 Gellen
1171 3310 1233 3357 van
1255 3290 1435 3374 llynsleve,
1464 3293 1560 3355 uniter
1582 3292 1674 3356 leven
1695 3301 1805 3376 suster,

600 3387 929 3473 closterjunekfrouvre
970 3393 1002 3452 to
1036 3386 1220 3452 Waterlere.
1278 3386 1342 3452 Die
1373 3387 1549 3468 Vei'lrdreter
1583 3388 1689 3452 walbu
1722 3389 1805 3455 ibren

599 3486 696 3550 licbea
723 3485 888 3552 Seiewester
918 3485 1018 3548 dieser
1045 3484 1139 3550 Giilte
1171 3486 1278 3551 rechte
1308 3486 1399 3549 berre
1430 3483 1514 3550 unde
1546 3505 1632 3552 were
1661 3491 1803 3554 wellenn.

601 3583 813 3663 Wiederleucs
841 3583 922 3647 nard
948 3582 1140 3646 eorbebelten
1171 3584 1229 3646 mit
1260 3582 1505 3663 ciertely'dbriper
1529 3583 1732 3666 Kiindipuup
1762 3606 1803 3650 ea

600 3681 631 3746 S.
652 3679 722 3746 Job.
747 3679 968 3758 Milesiarum,
989 3682 1120 3761 waratus
1132 3701 1175 3745 eu
1195 3680 1364 3743 illiciendis
1383 3680 1443 3744 dne
1465 3679 1546 3745 Geta
1568 3683 1805 3763 eremmanos

599 3778 722 3842 werden
741 3776 807 3842 soli.
848 3777 1002 3859 Besiepelt
1022 3798 1081 3842 uere
1101 3778 1209 3842 beiden
1229 3777 1391 3841 Besidern.

580 3893 673 3958 Nach
694 3893 751 3957 der
770 3894 904 3976 geborth
923 3894 1019 3960 Cristi
1047 3897 1146 3960 unlles
1172 3895 1286 3960 levenn
1308 3893 1405 3959 berun
1428 3895 1715 3980 veerteynhundert
1735 3897 1805 3963 dar-

498 4003 541 4049 na
562 3983 595 4047 in
622 3980 713 4049 deme
738 3983 1139 4067 achtenndeachtigestenn
1167 3983 1250 4064 jare,
1276 3983 1309 4046 in
1336 3991 1427 4050 sunte
1448 3983 1614 4050 Michaelis
1641 3986 1726 4066 dage
1747 3987 1805 4053 des

498 4072 649 4156 heilgenn
668 4073 850 4154 crtzengelr.

576 4175 680 4230 Urseius.
701 4175 776 4244 Perp.
792 4175 880 4230 Wern.
917 4174 1049 4228 Vendere
1071 4175 1257 4244 airpebdnpten
1280 4173 1371 4228 beiden
1389 4175 1492 4244 8119111
1515 4177 1550 4231 ist
1576 4177 1644 4232 arceb
1665 4177 1715 4233 dus
1738 4185 1805 4234 erate

500 4246 531 4299 in
547 4251 660 4314 prinam
674 4245 772 4299 Weebs
789 4245 820 4298 in
835 4245 921 4313 pelber
930 4245 1052 4300 Sebiissel
1069 4245 1231 4298 enrbanden.
1267 4246 1308 4299 Es
1327 4245 1394 4314 aeipt
1411 4245 1564 4301 denSebild
1582 4248 1632 4302 mit
1647 4249 1805 4303 denbatlm

501 4316 624 4382 Pfdblm.
670 4313 826 4382 Unuselnilt:
849 4315 869 4370 ι’
888 4317 986 4370 conrad
1007 4333 1029 4371 v.
1047 4318 1209 4386 mynsleuen.
1247 4315 1302 4385 Vql.
1321 4317 1418 4370 ruane.
1441 4317 1537 4372 dreia.
1561 4318 1620 4384 ias.
1636 4319 1685 4386 VI,
1704 4321 1755 4373 Nr.
1769 4325 1805 4374 46

499 4403 528 4514 (τι).
543 4385 595 4514 'gib
598 4385 688 4510 {3171
692 4387 713 4452 f.
735 4403 763 4438 a.
787 4385 982 4441 Hurezer'taelrr.
1001 4389 1031 4453 3,
1057 4385 1084 4440 S.
1102 4389 1261 4441 223-243.
1288 4417 1324 4426 -·
1349 4385 1486 4442 Gedresei-'t
1507 4388 1546 4440 im
1568 4388 1680 4460 Aristum
1702 4390 1803 4450 [aad.

527 4471 542 4510 r
596 4494 602 4509 .
675 4498 681 4510 .
