4459 5167
538 332 588 386 loo
847 333 1013 400 Augustino
1034 332 1285 387 Einsiedlorkiostur
1304 333 1532 402 Himmolpsortun.

536 481 651 544 wollen
682 479 754 544 dioh
786 479 911 545 hirinne
942 478 1190 562 gnedigliehenn
1217 481 1411 564 erozeigenn.
1460 480 1552 546 Szein
1581 481 1640 545 wir
1669 481 1702 544 in
1728 481 1840 545 under-

536 566 716 649 thenigkeit
736 588 772 631 zu
793 569 968 632 vurdinenn
990 587 1091 650 ganuz
1110 568 1221 650 willig.

616 654 734 720 Datum
760 676 844 720 anno
875 657 995 722 domini
1017 657 1086 721 ΧΨ
1109 657 1309 746 duodecimo,
1330 658 1475 740 dinstags
1496 658 1576 723 nooh
1596 658 1842 741 presentationis

534 743 642 809 Mffle·
801 781 892 864 Both,
913 783 998 865 grati
1013 782 1100 848 unnd
1121 782 1178 847 her
1196 803 1244 846 zw
1265 782 1412 864 Stolberg
1433 782 1498 848 und
1516 783 1750 866 Wernigerodo

685 905 758 969 Anu
791 905 964 989 hermogen
996 907 1212 972 Heinriohenn
1248 907 1333 973 denn
1364 907 1540 990 jungernn,
1577 909 1753 990 homogenn
1791 929 1838 974 zw

685 994 916 1077 Brnusehwigk
937 1003 996 1062 eto.
1017 996 1238 1078 gesohribenn.

612 1118 705 1187 Urspr.
723 1119 859 1187 Erttworf
871 1121 928 1188 uus
941 1119 1042 1188 Papiar
1058 1121 1096 1173 im
1111 1121 1190 1190 proisi.
1210 1119 1367 1175 &Archiv
1384 1137 1419 1174 zu
1443 1121 1531 1175 Wurn.

537 1317 806 1402 1444-1515.
1750 1321 1836 1404 125.

641 1454 859 1528 1111551151
877 1455 1053 1530 55511155
1065 1459 1213 1530 Britder
1229 1459 1290 1530 des
1308 1457 1469 1531 Klosters
1486 1457 1796 1554 Hr'rrtmelpjotton.

536 1589 639 1655 1444.
660 1587 763 1672 April
783 1588 836 1658 21.
857 1590 900 1653 isi
919 1590 968 1652 ats
987 1595 1024 1653 5
1042 1590 1226 1672 Heidelberp
1248 1591 1413 1654 studirend
1433 1589 1686 1655 1555515115·

614 1687 779 1753 Comedus
802 1687 909 1763 Vituli,
930 1689 1090 1772 professus
1110 1691 1143 1754 in
1165 1689 1261 1754 Porta
1281 1689 1369 1755 Coeli.

685 1801 738 1858 Dr.
751 1803 851 1870 Toepke
865 1805 897 1856 in
915 1803 1128 1859 (seam-Butae
1144 1807 1193 1872 fair
1209 1804 1288 1860 Stadt
1305 1823 1333 1860 5.
1352 1804 1436 1858 Laod
1455 1803 1547 1874 Mupd.
1569 1807 1603 1857 14
1621 1805 1722 1872 (1879),
1739 1803 1837 1858 8342.

535 1940 634 2008 1447.
656 1937 727 2006 ntor
750 1939 805 2007 21.
829 1939 962 2021 Kapsa
978 1963 1020 2007 zu
1041 1943 1262 2008 1115115535.
1304 1944 1496 2008 Anwesend:
1517 1944 1623 2009 Vioar.
1644 1943 1740 2009 Heur.
1753 1943 1840 2026 Coei,

614 2031 651 2094 fr.
671 2029 768 2093 Henr.
789 2028 894 2094 Zoiter
914 2049 938 2096 s.
961 2032 1055 2097 theol.
1077 2032 1170 2114 prof.;
1198 2035 1311 2098 fratres
1328 2033 1423 2098 Henr.
1446 2032 1613 2113 baduvini,
1641 2031 1839 2098 Hermannus

614 2117 834 2194 Schelherten,
864 2119 1022 2184 Iohannes
1051 2121 1168 2207 Vorlop
1196 2122 1289 2188 Porte
1318 2121 1400 2194 Celi,
1429 2123 1587 2187 Iohannes
1621 2121 1717 2186 Sohul
1747 2121 1838 2188 Nove

615 2207 764 2271 Civitatis
784 2214 993 2271 conventuum
1015 2210 1158 2291 professi.

568 2310 572 2315 ’
686 2322 804 2390 Kolde,
822 2321 957 2377 Dmtache
973 2323 1095 2396 05915.
1116 2325 1143 2380 d.
1163 2325 1277 2411 Anptast.
1296 2326 1546 2381 Eriniadlerordens
1563 2325 1590 2380 8.
1609 2329 1653 2394 88,
1672 2325 1753 2381 Anto.
1779 2341 1781 2344 ’

534 2460 637 2527 1482.
658 2462 1011 2530 HerdewiohTemmen
1032 2486 1094 2527 ans
1113 2465 1171 2528 Kt.
1192 2465 1450 2547 Himmedpforten
1470 2466 1603 2529 551155
1623 2466 1657 2528 in
1680 2465 1816 2546 Leipzig).

691 2578 804 2645 Wmter,
824 2580 1008 2634 01551555
1025 2581 1085 2648 ΙΙΙ,
1103 2584 1148 2648 67,
1166 2597 1206 2634 wo
1225 2598 1253 2634 er
1270 2583 1338 2650 arip
1355 2583 1397 2636 als
1414 2583 1498 2636 555
1520 2582 1737 2638 damnumst.
1757 2598 1836 2650 anpe-

635 2648 712 2716 hurty
729 2665 920 2717 anapauomenen
938 2651 980 2704 ist.
1727 2694 1731 2702 ,

534 2785 639 2851 mss.
669 2785 759 2852 nov.
781 2785 815 2852 a.
846 2788 970 2851 555
1000 2788 1050 2851 an
1077 2743 1266 2854 55555
1302 2790 1337 2853 n
1366 2789 1549 2872 5555
1579 2789 1842 2870 awannam.-

614 2877 711 2940 frater
732 2875 937 2942 Her-dewions
958 2877 1117 2942 Diemann
1199 2878 1239 2942 de
1261 2879 1356 2942 Porta
1377 2879 1467 2960 Coeli,

617 2965 714 3029 frater
734 2964 897 3032 Conradus
919 2965 960 3030 de
979 2966 1142 3049 Asseburg
1199 2967 1279 3032 dioo.
1299 2967 1594 3034 Halberstatteusis.

833 3117 917 3179 Aeta
935 3115 1043 3180 faoult.
1066 3115 1186 3197 ΜΠ,
1208 3119 1276 3197 113,
1298 3119 1365 3199 111,
1387 3119 1478 3184 11911:

613 3231 705 3296 Anno
726 3229 818 3294 1484
838 3230 871 3294 in
892 3238 1007 3294 octava
1028 3232 1242 3296 aseensoionis
1263 3231 1382 3297 domini
1408 3239 1482 3298 sunt
1508 3234 1640 3300 admissi
1662 3235 1704 3300 ad
1726 3236 1839 3300 bason-

532 3321 691 3385 laureatus
714 3321 848 3402 gradum
872 3321 965 3396 (soil.)
987 3321 1019 3383 in
1042 3320 1162 3385 artibus
1181 3320 1341 3385 subnotati
1357 3330 1389 3386 et
1404 3321 1515 3388 ordine
1531 3330 1565 3386 ut
1581 3325 1721 3405 sequitur
1741 3324 1837 3388 looati

532 3430 589 3491 per
616 3415 835 3492 temptatores:
863 3411 895 3488 1)
921 3409 1018 3472 irater
1045 3409 1209 3474 Conradus
1237 3409 1277 3473 de
1303 3410 1487 3492 Assenburg
1515 3410 1638 3491 (dedit).
1680 3416 1713 3491 2)
1742 3413 1838 3476 tiator

536 3497 745 3563 Hardewious
769 3496 891 3561 Demen
920 3498 1035 3582 (dedit)
1061 3505 1120 3563 eto.
1149 3535 1188 3543 -
1214 3497 1263 3560 uis
1290 3503 1367 3562 orate
1395 3519 1453 3561 uon
1483 3503 1519 3566 13
1548 3499 1839 3567 determinaverunt

535 3587 593 3651 sub
613 3587 766 3668 magistro
788 3586 930 3652 Iohanne
949 3587 1052 3670 Heym
1073 3587 1114 3652 de
1135 3587 1300 3671 Wynhem.

612 3677 705 3740 Anno
733 3673 824 3739 1485
856 3676 888 3739 in
917 3678 1055 3741 erastino
1092 3676 1178 3740 beati
1209 3675 1373 3758 Dionysii,
1404 3675 1487 3758 quod
1522 3682 1589 3742 erat
1624 3677 1676 3742 die
1714 3677 1840 3742 deoima

533 3764 693 3835 Octobris,
728 3763 770 3828 ad
802 3763 961 3828 licentiam
993 3766 1025 3828 in
1058 3764 1238 3828 artibus..
1263 3765 1420 3828 admissus
1447 3773 1509 3830 est:
1544 3766 1640 3830 t'ruter
1664 3765 1837 3844 Hernicus,

533 3853 653 3917 ordinis
681 3853 782 3916 saneti
804 3853 974 3934 Augustini
1004 3855 1163 3936 professus
1193 3853 1225 3916 in
1247 3851 1342 3916 Porta
1362 3853 1430 3917 Ceti
1449 3855 1608 3937 (pauper),
1635 3860 1666 3918 et
1693 3854 1838 3918 determi-

526 3942 623 4006 navit
644 3940 702 4006 sub
724 3943 876 4023 magistro
900 3942 1040 4006 Iohanne
1058 3939 1161 4026 Hey'm
1181 3942 1222 4005 de
1233 3941 1411 4024 Wynheim,
1434 3961 1523 4006 saure
1543 3942 1703 4024 theologie
1725 3943 1838 4007 bauna-

533 4034 650 4108 laureo,
670 4029 734 4092 XX
755 4030 807 4094 die
827 4030 981 4094 Octobris.

615 4120 705 4182 Anno
725 4116 816 4182 1488
838 4119 931 4182 XVII
951 4118 1004 4182 die
1025 4119 1142 4183 mensis
1163 4119 1304 4184 Ianuarii
1324 4117 1477 4200 magister
1498 4118 1694 4200 Herdonium,
1717 4117 1839 4182 ordinis

537 4209 640 4271 sancti
660 4207 830 4288 Augustini
852 4207 1011 4288 professus
1033 4207 1065 4270 in
1086 4207 1182 4270 Porta
1201 4207 1278 4288 Geli,
1304 4207 1513 4270 iuramentum
1541 4207 1679 4289 prestitit
1707 4227 1764 4290 pro
1791 4207 1837 4270 in-

534 4297 627 4360 troitu
650 4295 797 4360 liberaris
817 4294 885 4360 fieri
906 4301 1097 4361 consuetum.

614 4382 817 4449 11501488
843 4385 877 4449 in
897 4383 949 4448 die
975 4383 1059 4448 beati
1081 4383 1232 4466 Dyonisii
1258 4383 1299 4448 ad
1325 4383 1485 4448 licentiam
1511 4383 1544 4447 in
1572 4384 1693 4448 ortibus
1715 4388 1763 4447 est
1782 4381 1838 4446 ad-

531 4471 647 4537 missus
674 4492 731 4556 por
756 4472 915 4536 dominum
944 4473 1237 4537 vicecancellarium
1265 4473 1438 4553 maijstrum
1462 4471 1631 4536 Balthasar
1659 4471 1838 4536 Deokerum
