4459 5167
489 322 543 377 236
748 320 1034 377 (istercienserinnen-
1052 320 1271 390 (Heiligenblut-)
1291 321 1397 375 Klostcr
1408 320 1551 376 Waterler.

490 474 609 579 milites
625 472 875 579 inltegenstein,
895 476 927 535 ct
947 470 1095 537 dominus
1104 470 1318 537 Theodericus
1330 470 1441 554 Gigas,
1462 476 1494 535 et
1514 470 1570 534 alii
1592 471 1807 557 quamplures

492 562 554 629 fide
573 564 691 717 blltlrlb
715 656 748 715 et
764 657 869 715 actum
891 670 976 716 anno
997 651 1155 715 dominice
1177 650 1404 716 insumationis
1419 650 1678 731 Mrcdxuoffll,
1701 654 1733 719 in
1750 656 1805 721 die

492 744 585 808 beate
606 741 725 808 Cecilie
745 740 881 823 virg'inis
899 748 932 805 et
951 741 1099 806 martiris.

568 860 673 915 Urscbr.
691 878 717 913 a.
739 860 823 928 Perp,
843 876 883 913 cn
904 860 977 914 cister
994 858 1162 913 Brucbstalle
1184 859 1348 929 beschddipt5
1371 860 1421 914 clos
1438 878 1483 913 ani
1502 860 1805 930 Perparnantstrer'selren

489 930 668 1000 anuanpmuc
687 930 772 999 Siepel
791 946 847 983 nur
864 930 1101 984 minutebwer'se
1119 930 1255 996 aueum
1272 932 1321 999 apl.
1343 930 1402 999 Tus.
1418 930 1483 998 VII,
1505 931 1556 984 Nu.
1574 935 1616 985 54.

562 1038 589 1105 l)
608 1036 709 1103 noue,
728 1035 779 1092 aas
798 1037 1041 1107 humatarum
1058 1041 1173 1107 aphnau.
1199 1068 1229 1076 -
1249 1040 1275 1103 2)
1294 1036 1330 1092 So
1347 1043 1379 1092 st.
1401 1038 1508 1109 ingenii.

1237 1193 1273 1201 -u

494 1203 610 1289 1296.
639 1204 763 1287 Rom.
1021 1192 1233 1201 m
1739 1210 1802 1293 14.

598 1340 744 1405 Malrrere
762 1340 911 1422 Bisclrdf'e
935 1341 1081 1405 ertbcilen
1107 1341 1205 1419 aden,
1233 1342 1342 1407 arduae
1362 1363 1406 1406 un
1427 1344 1614 1408 bestirnmtcn
1636 1345 1804 1426 Feslloqeu

591 1440 643 1502 die
671 1438 822 1502 lilarien-
853 1440 927 1503 odo·
951 1439 1282 1521 Heilipcnblullrupcllc
1308 1461 1349 1506 zu
1373 1440 1526 1506 Wuterler
1547 1442 1696 1509 bornum
1730 1444 1805 1509 oder

591 1536 723 1600 dissolbe
742 1536 936 1614 beschenlemt,
951 1538 987 1620 je
1006 1538 1122 1619 vieraiq
1146 1538 1229 1620 chc
1249 1538 1373 1602 Atussa.

573 1654 740 1719 Universis
759 1654 772 1733 ll
793 1652 910 1719 Christi
930 1652 1077 1719 fidelibus
1098 1661 1262 1739 presentes
1282 1654 1405 1721 litteras
1425 1656 1615 1740 inspecturis
1636 1677 1693 1723 nos
1707 1657 1805 1725 frater

387 1782 393 1793 ·
494 1743 683 1809 l'ranciscus
699 1742 934 1826 Senogalensis.
956 1744 1053 1808 frater
1069 1744 1197 1809 hlaurns
1216 1744 1416 1828 Amcliensis,
1438 1746 1534 1811 frater
1554 1746 1688 1812 lacubus
1709 1749 1803 1813 Acer-

492 1834 610 1914 ncnsis,
632 1831 729 1897 frater
748 1832 1077 1913 RomannsCroensis,
1097 1836 1195 1898 frater
1214 1834 1330 1899 Daniel
1341 1833 1624 1918 Laq'uedoniensis,
1644 1836 1804 1905 Hubertus

490 1921 675 1987 Ferretinns
703 1920 755 1985 dei
782 1922 888 2003 gratia
915 1923 1058 2006 episcopi
1085 1924 1218 1989 salutern
1246 1924 1278 1988 in
1305 1924 1442 1989 domino.
1485 1926 1649 1992 Gloriosus
1670 1926 1749 1993 deus
1769 1928 1801 1992 in

490 2011 611 2077 sanctis
631 2010 698 2075 suis
718 2010 751 2074 in
773 2012 912 2095 ipsorum
934 2013 1140 2077 veneratione
1163 2012 1307 2095 gaudens
1328 2012 1360 2077 in
1372 2016 1574 2081 veneratione
1596 2016 1689 2081 beate
1702 2016 1804 2083 Marie

492 2119 618 2183 semper
638 2098 776 2180 virginis
803 2120 840 2165 eu
869 2100 1036 2167 iocundius
1062 2100 1251 2177 delectatur,
1278 2102 1444 2186 micipsa,
1474 2110 1583 2189 utpote
1607 2112 1708 2172 mater
1733 2107 1803 2173 eius

489 2191 613 2267 effecta,
635 2189 748 2253 meruit
769 2184 870 2256 alcius
890 2189 1009 2255 sanclis
1031 2191 1145 2257 ceteris
1166 2191 1198 2256 in
1221 2192 1390 2257 celestibus
1411 2193 1568 2259 collocari.
1610 2194 1688 2260 Cum
1704 2196 1803 2279 igitur

489 2279 531 2344 ad
559 2278 738 2344 huiusmodi
765 2278 968 2363 pontificatus
995 2280 1093 2346 simus
1121 2282 1275 2363 assumpti
1302 2282 1438 2346 odicium
1465 2290 1497 2348 at
1527 2282 1585 2349 hec
1610 2285 1692 2351 inter
1720 2285 1802 2351 alias

490 2369 722 2436 sollicitudines
744 2370 893 2435 karitatis
914 2389 1011 2452 opera
1032 2370 1114 2435 votis
1133 2370 1318 2435 ardentibus
1339 2370 1531 2452 affectemus,
1552 2372 1690 2454 qualiter
1708 2374 1801 2457 vigili

488 2468 522 2525 et
542 2479 675 2544 operoso
685 2459 863 2525 ministerio
875 2458 993 2524 Christi
1004 2458 1114 2525 fideles
1125 2460 1339 2543 acceptabiles
1351 2479 1407 2524 nos
1418 2460 1596 2527 reddamus.
1629 2462 1802 2547 Cupientes

489 2549 587 2633 igitur
616 2548 772 2631 capellam
803 2555 912 2614 sancte
944 2555 976 2613 et
1001 2548 1138 2631 gloriose
1164 2549 1216 2613 dei
1245 2550 1409 2631 genitricis
1434 2550 1535 2616 Marie
1564 2552 1596 2616 in
1624 2552 1802 2634 Waterlire,

492 2636 771 2703 ualtersudensis
796 2638 957 2721 dyocesis,
986 2638 1177 2704 christiane¹
1206 2638 1457 2722 obstupendam
1478 2642 1683 2707 mutationem
1705 2644 1802 2707 euka-

490 2727 580 2793 ristie
599 2728 632 2791 in
645 2728 856 2809 saguinem(!)
877 2728 999 2793 cunctis
1019 2728 1134 2793 devote
1156 2727 1290 2793 eandem
1305 2727 1508 2793 visitantibus
1530 2750 1634 2795 coram
1655 2728 1803 2797 fidelibus

488 2816 656 2882 multarum
668 2816 818 2881 virtutum
829 2817 978 2900 insigniis
989 2823 1021 2882 et
1030 2817 1191 2882 miraculis
1201 2817 1412 2901 preclarescit,
1427 2820 1574 2901 prosequi
1588 2820 1801 2904 spiritualium

490 2912 667 2973 nostrorum
693 2925 855 2972 munerum
883 2907 1033 2989 largitate
1059 2915 1091 2972 et
1120 2915 1243 2972 nostros
1270 2905 1434 2971 thesauros
1456 2908 1590 2973 ecclesie
1613 2908 1802 2975 christicolis

490 2996 614 3080 aperire
634 2995 830 3079 spirituales,
856 3015 985 3079 qnorum
1008 2996 1133 3061 demum
1154 2996 1260 3061 allecti
1286 2995 1418 3061 salutari
1440 2995 1608 3062 dulcedine
1634 2998 1676 3063 ad
1697 2999 1801 3085 ipsam

490 3085 647 3168 capellam
674 3084 706 3148 in
735 3085 850 3149 mentis
876 3085 990 3164 iubilo,
1017 3085 1064 3150 ita
1091 3105 1176 3150 nnnc
1201 3085 1294 3150 deum
1317 3104 1373 3167 per
1394 3085 1555 3168 speculum
1578 3087 1610 3151 in
1632 3095 1802 3172 enygmate

414 3242 418 3247 Α
489 3181 692 3254 venerantes,
717 3174 907 3241 honorantes
934 3175 1146 3241 adorantesve
1172 3175 1342 3256 accedant,
1368 3182 1402 3239 ut
1428 3175 1531 3258 ipsum
1553 3181 1627 3241 tunc
1646 3176 1729 3241 facie
1758 3177 1801 3241 ad

489 3264 604 3331 faciem
625 3264 806 3329 venientem
827 3284 922 3348 super
943 3286 998 3331 eos
1019 3264 1156 3330 indicem
1178 3264 1278 3331 securi
1300 3266 1430 3329 valeant
1444 3265 1659 3349 contemplari.
1693 3266 1801 3333 Omni-

490 3355 549 3419 bus
575 3354 674 3436 igitnr
704 3372 778 3418 vere
804 3356 1019 3439 penitentibus
1044 3362 1077 3419 et
1097 3356 1262 3429 confessis,
1293 3353 1346 3435 qui
1373 3353 1515 3439 predicte
1536 3355 1669 3421 ecclesie
1690 3356 1803 3423 limina

490 3444 605 3509 devota
623 3444 826 3509 visitaverint
853 3444 886 3510 in
912 3446 1058 3510 omnibus
1084 3443 1313 3510 festivitatibus
1344 3444 1570 3528 infrascriptis,
1597 3445 1747 3511 videlicet
1767 3446 1800 3510 in

490 3541 625 3617 quatuor
646 3533 874 3617 sollempnibus
896 3534 1123 3600 festivitatibus
1144 3532 1264 3599 domini
1287 3534 1383 3597 nostri
1407 3532 1499 3597 lhosn
1521 3532 1653 3613 Christi,
1679 3534 1802 3599 scilicet

490 3622 679 3702 nativitatis,
700 3625 946 3707 resurrectionis,
968 3624 1165 3690 ascensionis
1182 3629 1214 3689 et
1229 3622 1460 3705 penthecostes,
1481 3642 1604 3687 necnon
1617 3621 1650 3686 in
1667 3630 1802 3705 quatuor

490 3712 718 3797 sollempnibus
736 3714 963 3781 festivitatibus
990 3715 1083 3780 beate
1110 3720 1142 3778 et
1163 3713 1300 3795 gloriose
1322 3710 1374 3776 dei
1401 3709 1565 3794 genitricis
1593 3730 1718 3793 semper
1739 3713 1801 3776 vir·
1926 3787 1931 3796 Ι

489 3803 575 3884 ginis
586 3802 693 3880 blarie,
716 3802 866 3869 videlicet
881 3805 1068 3883 nativitatis,
1087 3800 1353 3881 annunciationis,
1374 3798 1602 3884 purificationis
1613 3806 1644 3864 et
1660 3819 1801 3886 assump-

491 3892 597 3972 tionis,
620 3891 704 3956 beati
718 3891 915 3976 Mychahelis
937 3890 1132 3974 archangeli,
1154 3895 1332 3953 sanctcmm
1353 3888 1505 3954 Iohannis
1526 3888 1748 3972 baptististed)
1770 3896 1802 3955 et

491 3980 712 4063 ewangeliste,
739 3990 849 4048 sancte
868 3982 969 4048 llarie
990 3979 1181 4063 Magdalene
1207 3978 1408 4060 omniumque
1428 3983 1607 4042 sanctorum
1628 3977 1802 4042 festivitate

491 4068 684 4151 singulomm
726 4072 962 4155 apostolorum,
995 4076 1174 4136 sanctorum
1214 4068 1375 4130 martirum
1415 4066 1583 4150 Stephani.
1622 4066 1800 4143 laurencii,

491 4165 669 4224 sanctornm
691 4163 904 4228 confessorum
926 4160 1072 4244 Nycolai
1096 4157 1240 4236 Martini,
1262 4155 1426 4220 beatamm
1448 4156 1637 4237 Katherine,
1659 4158 1802 4240 Agnetis,

491 4248 631 4315 Barbare
652 4252 825 4334 virginum,
853 4270 974 4316 necnon
1000 4249 1030 4311 in
1054 4247 1106 4311 die
1128 4245 1339 4309 dedicationis
1360 4244 1444 4309 dicte
1466 4247 1599 4312 ecclesie
1620 4246 1800 4312 festivitati-

492 4338 611 4422 busque
632 4342 805 4407 eukaristie
832 4340 965 4405 ecclesie
992 4345 1024 4402 et
1043 4336 1184 4402 eiusdem
1203 4334 1398 4417 singulisque
1422 4334 1535 4399 diebus
1557 4334 1802 4402 dominicalibus

490 4428 748 4512 quadragesime,
780 4430 900 4496 domini
932 4436 964 4493 et
995 4426 1150 4492 adventus
1181 4424 1393 4509 parascheues
1419 4432 1451 4488 et
1478 4424 1509 4489 in
1539 4424 1592 4489 dle
1617 4424 1802 4491 festivitatis

491 4538 612 4587 necnon
633 4522 865 4591 antedictarum
886 4518 1025 4585 omnium
1047 4535 1104 4604 per
1120 4520 1260 4599 octavas,
1281 4522 1337 4579 aut
1358 4512 1412 4602 qui
1432 4514 1516 4579 dicte
1528 4512 1661 4583 ecclesie
1672 4532 1801 4587 suarum
