4459 5167
535 358 566 411 18
919 350 1309 406 Demaenetum-Commendo
1331 324 1456 417 Larrgelu.

534 506 589 605 (0.
608 504 650 585 Z.
677 502 808 602 1259.)
1773 495 1835 577 21.

632 646 797 723 Heinrich,
826 645 918 727 Gruf
936 666 978 711 aa
1008 644 1220 726 Woldeaberp,
1246 644 1468 723 pewrilerleiatet
1493 643 1553 705 den
1574 638 1837 704 111111111ωά113-

631 745 768 809 ananan
797 744 872 809 awai
901 744 996 807 thaan
1031 744 1221 823 therapneae
1252 741 1365 823 Hufen
1396 743 1463 821 auf
1491 739 1720 819 leopelnsrlrer
1750 738 1838 801 Far

631 862 726 924 pepon
746 842 797 906 dle
816 842 1070 922 unpepriloclalen
1080 841 1265 920 Aospmlclre
1286 840 1339 902 des
1352 839 1465 904 Giseke
1481 858 1540 901 oon
1553 837 1707 917 saepae,
1727 838 1838 900 dassen

632 939 763 1003 Bratder
787 938 991 1021 (Bertrarni)
1021 939 1080 1002 slas
1105 939 1170 1001 tlara
1194 938 1303 1001 oorher
1323 937 1493 1018 patrenus
1512 935 1602 999 Leito
1620 936 1682 998 dea
1703 931 1837 997 Ordess-

632 1036 770 1101 otnero
790 1037 961 1117 asparem
981 1036 1073 1099 hatte

614 1152 767 1217 Henrieus
794 1152 846 1217 dei
876 1152 987 1235 gracia
1007 1171 1111 1217 eomes
1142 1153 1246 1216 iunior
1276 1151 1316 1215 de
1337 1149 1568 1215 Waldenberelr
1605 1149 1751 1214 omnibus
1776 1148 1839 1212 hoe

532 1242 683 1325 seriptum
703 1241 892 1323 inspeetnris
913 1239 1047 1305 salutern
1066 1239 1243 1304 indomino.
1285 1240 1487 1304 Presentibus
1506 1239 1620 1302 litteris
1640 1239 1838 1318 recognosci-

532 1352 601 1395 mus
621 1337 652 1395 et
673 1352 736 1396 uua
757 1351 832 1397 voer.
854 1331 980 1414 publiea
1006 1336 1233 1414 protestamur,
1257 1328 1341 1412 quod
1367 1348 1423 1394 nos
1445 1328 1485 1391 (le
1511 1329 1596 1392 bona
1622 1328 1782 1392 voluntate
1804 1338 1839 1389 et

531 1440 686 1486 consensu
709 1420 856 1485 heredum
876 1425 1051 1484 nostrornm
1078 1419 1229 1483 tratribus
1254 1418 1421 1502 hospitalis
1448 1430 1557 1483 sanete
1578 1418 1677 1481 Marie
1700 1417 1838 1481 ’11111110-

532 1511 672 1575 nioorum
692 1509 957 1574 lherosolimitani
979 1509 1167 1573 contulimus
1189 1508 1268 1571 dnos
1289 1527 1416 1572 mansos
1437 1508 1469 1570 in
1492 1528 1576 1591 pago
1595 1507 1737 1588 Langele
1765 1526 1837 1571 oum

533 1598 678 1664 omnibus
701 1598 886 1678 attinentiis,
908 1597 1012 1674 silvis,
1034 1598 1149 1680 pratis,
1170 1598 1312 1681 pessula,
1335 1597 1433 1678 areis,
1455 1598 1522 1661 iure
1542 1596 1745 1680 proprietatis
1767 1615 1838 1678 per-

532 1693 627 1770 petuo
639 1686 848 1769 possidendos
861 1693 892 1751 et
903 1686 983 1769 ipsis
993 1686 1142 1750 fratribus
1155 1706 1249 1770 super
1259 1686 1354 1750 dietis
1366 1686 1486 1749 mansis
1497 1685 1614 1767 nbiqne
1626 1684 1762 1748 loeorum
1772 1704 1839 1747 wa·

533 1776 679 1841 randiam
700 1776 926 1860 prestabimus,
951 1783 985 1838 ut
1006 1774 1074 1837 iure
1095 1773 1253 1839 debemus.
1296 1774 1513 1840 intelleximus
1536 1774 1632 1855 igitur
1651 1773 1839 1837 afratribus

534 1864 700 1949 predictis,
732 1864 816 1947 quod
844 1862 974 1946 Gyseko
999 1864 1039 1927 de
1062 1864 1203 1944 Langele
1224 1864 1257 1927 in
1284 1864 1380 1928 dietis
1408 1864 1499 1928 bonis
1523 1865 1676 1926 adversus
1708 1862 1838 1927 eosdem

532 1954 646 2018 t'ratres
669 1973 798 2018 eausam
811 1961 936 2018 moveat
947 1951 1145 2035 querelandi,
1167 1972 1259 2035 quem
1271 1953 1358 2017 nulla
1369 1955 1477 2036 porcio
1489 1954 1556 2017 iure
1568 1954 1672 2035 tangit
1690 1952 1722 2014 in
1745 1951 1840 2018 bonis

532 2044 721 2126 pretaxatis,
744 2062 814 2106 eum
834 2041 886 2106 die
907 2049 939 2106 et
959 2061 1048 2105 anno.
1064 2041 1176 2107 eadem
1199 2042 1281 2106 bona
1301 2043 1493 2108 tenuerimus
1520 2042 1562 2106 ab
1591 2041 1701 2106 eodem
1723 2042 1838 2125 Glyse-

534 2131 630 2211 kene)
653 2151 673 2193 a
693 2131 785 2195 nobis
807 2132 912 2196 minus
933 2132 965 2195 in
986 2130 1078 2196 feodo
1093 2131 1262 2214 postulata.
1293 2129 1719 2218 Dominnslssertramllmus
1736 2132 1839 2211 miles,

533 2220 631 2284 t'rater
649 2220 991 2305 prefatiG(yselronis),
1013 2220 1178 2303 sepedicta
1199 2221 1282 2284 bona
1303 2221 1404 2283 tenuit
1424 2240 1444 2283 a
1465 2220 1566 2299 nobis,
1588 2240 1648 2301 que
1670 2220 1710 2283 de
1729 2219 1838 2282 volun-

532 2313 597 2373 tate
616 2313 725 2372 nostra
745 2308 893 2374 fratribus
915 2310 1014 2373 libere
1036 2310 1169 2373 eontulit
1188 2310 1333 2392 superius
1353 2310 1543 2375 memoratis.
1577 2310 1610 2372 ln
1623 2310 1839 2373 testimoninm

533 2391 669 2483 [huiusi]
698 2399 937 2480 protestaeionis
965 2406 1142 2482 presentem
1170 2398 1307 2463 litteram
1327 2398 1426 2480 sigilli
1451 2399 1549 2465 nostri
1569 2398 1744 2463 munimine
1763 2397 1840 2463 feei-

531 2505 600 2550 mus
623 2506 817 2551 eommumrr.

609 2612 742 2679 Ursolis-ist
755 2614 797 2667 W.
812 2620 893 2667 11111111
910 2616 1091 2681 anpefreasea,
1121 2613 1206 2667 dalrer
1223 2630 1261 2667 aa
1278 2614 1323 2666 ein
1338 2630 1412 2681 paor
1430 2613 1528 2667 Stellas
1547 2614 1605 2667 eirw
1622 2615 1789 2683 impanatum
1806 2616 1837 2667 ia

533 2683 639 2750 eela'pen
657 2682 817 2737 Klammerrt
835 2685 955 2738 rasamlzt
972 2684 1078 2738 werden
1096 2691 1202 2750 moeste,
1221 2685 1271 2737 11111
1288 2683 1424 2750 Stepelreet
1441 2685 1529 2752 (rerpl.
1547 2700 1582 2737 an
1598 2700 1651 2738 vor.
1670 2686 1743 2752 Na).
1770 2671 1839 2739 ‘Der

536 2752 595 2806 Zeu
611 2752 682 2806 asaele
699 2753 768 2805 wircl
786 2752 829 2807 dte
850 2754 912 2808 Urlr.
931 2755 1069 2825 atripliclsst
1086 2755 1157 2808 nahe
1173 2772 1212 2807 an
1229 2754 1272 2807 daie
1290 2753 1495 2822 rorlwrpeleende
1511 2771 1546 2807 zu
1563 2755 1664 2808 11111111
1682 2755 1746 2808 seim

537 2959 650 3042 lass.
703 2962 977 3061 Regensteln.
1772 2965 1836 3048 22.

642 3094 756 3170 Ulrlclr,
779 3096 917 3177 Grofau
930 3095 1125 3177 Repeaster'n,
1146 3096 1282 3179 serenat,
1302 3098 1378 3161 <lass
1398 3118 1453 3161 vor
1474 3098 1538 3161 ihm
1550 3098 1714 3163 (lieRitter
1725 3101 1839 3164 Fried-

634 3194 790 3257 1111111111
812 3194 964 3257 Heinmela
985 3214 1044 3257 oona
1062 3194 1205 3258 &hortea
1231 3196 1300 3258 dem
1320 3195 1483 3258 deutschen
1508 3195 1611 3259 Orden
1631 3200 1714 3280 pilos
1725 3197 1837 3279 Hersen

632 3291 758 3452 Zbelpr
783 3293 852 3355 aad
882 3290 1034 3357 Wnterler
1054 3291 1218 3356 ianerltalb
1237 3292 1339 3356 seiner
1361 3292 1551 3373 Grafselratl
1576 3296 1639 3376 frea'
1662 3296 1838 3377 therapne

613 3501 737 3568 Olriena
773 3504 814 3569 de
844 3503 1023 3587 Regensten
1057 3504 1110 3569 dei
1145 3506 1256 3586 gracia
1287 3526 1391 3570 eomes
1425 3508 1571 3573 omnibus
1605 3510 1837 3594 inperpetuum.

535 3590 692 3667 Quoniam
718 3611 757 3656 ea
778 3612 838 3674 que
859 3599 1009 3675 geruntur
1029 3593 1061 3657 in
1083 3600 1238 3675 tempore,
1266 3614 1306 3658 ne
1329 3614 1516 3677 moresque
1541 3596 1669 3664 fluentis
1689 3600 1840 3664 deficiant

536 3698 604 3745 eurn
627 3685 783 3763 tempore,
813 3682 1025 3763 necessarium
1046 3689 1095 3745 est
1116 3684 1244 3765 seriptis
1264 3690 1296 3747 et
1316 3684 1449 3748 testibus
1470 3689 1648 3766 precaveri,
1674 3691 1839 3752 universos

531 3769 688 3852 presentis
708 3771 826 3853 pagine
849 3771 1038 3853 perleetores
1060 3771 1203 3834 nolumus
1224 3772 1382 3853 ignorare,
1402 3771 1598 3837 Friderienm
1620 3784 1651 3839 et
1666 3776 1837 3841 Henrieum

532 3857 572 3923 de
584 3858 716 3923 Seowen
737 3858 855 3924 milites
876 3859 908 3921 iu
930 3859 1092 3943 presentia
1111 3865 1219 3923 nostra
1239 3859 1280 3923 de
1301 3879 1455 3924 consensu
1475 3869 1581 3926 nostro
1598 3864 1736 3946 quinque
1749 3884 1836 3928 man·

532 3965 584 4011 sos
613 3947 816 4030 proprietatis
847 3947 879 4010 in
911 3947 1038 4010 comitia
1066 3954 1173 4010 nostra
1200 3949 1230 4010 in
1258 3949 1344 4012 villis
1369 3948 1447 4013 Lere
1473 3956 1505 4012 et
1531 3950 1727 4016 Watherlere
1758 3954 1837 4017 sitos

532 4035 682 4099 fratribus
703 4034 813 4100 domus
836 4036 1015 4099 theutonice
1035 4034 1136 4099 libere
1157 4036 1334 4100 contulisse.
1380 4036 1491 4101 Verum
1518 4058 1558 4102 ne
1580 4047 1708 4124 propter
1730 4042 1837 4106 varios

530 4124 701 4188 futurorum
723 4125 866 4190 inoursus
888 4124 947 4188 hoe
968 4143 1063 4206 super
1083 4125 1167 4188 t'aeto
1188 4126 1334 4205 euinuam
1356 4123 1484 4190 dubium
1507 4129 1638 4210 oriatur,
1660 4128 1755 4194 dietis
1775 4131 1835 4194 ira-

468 4228 475 4245 ·
530 4212 631 4275 tribus
651 4211 685 4276 in
706 4213 919 4277 testimonium
939 4218 1116 4296 presentem
1130 4214 1323 4298 ,contulimus
1345 4216 1496 4296 paginam
1509 4216 1607 4296 sigilli
1618 4220 1716 4283 nostri
1736 4220 1836 4283 muni-

531 4300 616 4365 rnine
640 4302 831 4375 roboratam,
861 4302 994 4366 testibus
1018 4301 1241 4366 nichilominus
1263 4304 1438 4381 annotatis3
1464 4324 1593 4385 quorum
1614 4309 1836 4372 nominasent

534 4388 605 4453 lree:
640 4409 744 4455 eomes
765 4391 937 4471 Hermiona,
966 4398 1095 4473 patruus
1123 4398 1241 4469 noster,
1271 4392 1395 4456 Olrieus
1424 4402 1455 4455 et
1474 4394 1620 4459 albertus
1646 4394 1703 4459 filii
1724 4398 1836 4472 nostri,

531 4478 662 4544 milites:
702 4480 847 4545 (lominus
877 4479 1031 4543 Henrieus
1063 4476 1102 4541 de
1134 4479 1374 4556 Santhersleve,
1407 4480 1560 4545 Henrieus
1591 4482 1632 4547 sle
1661 4483 1835 4563 Mynsleve,
