4459 5167
541 342 594 397 258
794 340 1079 399 Cistercienserinnen·
1098 340 1318 413 (Heiligeublut)
1336 340 1443 399 illuster
1454 341 1597 399 Waterler.

541 498 574 556 et
593 491 831 576 dispensatores
856 510 959 557 rerum
978 492 1144 558 mobilium
1165 499 1197 557 et
1220 492 1427 557 immobilium
1449 492 1569 557 demini
1590 490 1750 575 Reynardi
1775 489 1859 554 dicti

541 581 582 645 dc
602 581 736 665 Lepide,
757 582 904 647 canonici
923 582 1066 666 predicte
1086 582 1300 648 Geslarieusis
1321 583 1463 658 ecclesie,
1486 583 1588 647 felicis
1612 579 1857 653 recordatiouis,

540 671 795 751 recognoscimus
816 671 943 755 publice
962 672 1119 737 universis
1130 671 1247 737 Christi
1268 670 1416 737 fidelibus
1436 672 1573 737 litteram
1592 690 1650 755 per
1662 678 1857 754 presentem,

540 760 625 841 quod
650 779 708 824 nos
736 767 835 825 toturn
857 761 989 825 bibliam
1009 762 1221 844 conscriptam
1242 770 1274 826 et
1294 762 1327 825 in
1346 768 1480 843 quatuor
1500 768 1606 843 partes
1626 759 1763 824 divisam
1784 776 1861 841 per-

540 850 692 913 tinentem
710 849 785 913 olim
801 849 934 915 ecclesie
949 849 1178 929 inWaterlere,
1199 870 1294 932 quam
1315 850 1399 915 idem
1422 850 1568 916 domiuus
1580 847 1768 933 Reynardus
1791 848 1858 912 sibi

540 938 582 1002 ab
603 938 714 1002 eadem
738 938 872 1003 ccclesia
893 957 950 1020 pro
969 937 1107 1003 sedecim
1130 940 1245 1003 marcis
1266 939 1336 1021 puri
1359 940 1484 1020 argenti
1503 938 1709 1022 comparavit,
1730 935 1857 1017 absque

540 1025 606 1089 ulla
626 1026 763 1110 pecunia
785 1027 978 1090 restituimus
1003 1034 1036 1091 et
1056 1026 1246 1092 contulimus
1267 1026 1371 1091 eidem
1393 1028 1527 1093 ecclesie
1548 1027 1580 1091 in
1603 1026 1797 1105 Waterlere,
1824 1031 1859 1089 et

539 1116 719 1180 relaxamus
739 1115 769 1179 ei
791 1114 910 1195 debita,
930 1135 992 1197 que
1012 1135 1047 1180 se
1069 1115 1110 1180 ad
1123 1122 1256 1198 quatuor
1268 1136 1392 1180 marcas
1407 1116 1478 1199 puri
1491 1115 1615 1196 argenti
1628 1113 1858 1194 extendebant,

539 1204 580 1268 eb
607 1204 756 1268 bonorem
785 1211 816 1267 et
836 1205 1050 1268 reverenciam
1076 1204 1303 1285 omnipotentis
1329 1204 1381 1268 dei
1410 1210 1442 1267 et
1462 1210 1571 1267 sancte
1594 1203 1730 1283 virginis
1749 1201 1857 1267 llarie

539 1298 572 1356 et
592 1292 632 1356 ob
645 1291 767 1357 firmam
782 1311 873 1375 spem
896 1299 1003 1358 eterne
1024 1293 1246 1357 retribucionis
1267 1292 1372 1357 anime
1394 1292 1535 1358 eiusdem
1546 1291 1709 1375 Reynardi
1730 1298 1763 1355 et
1785 1292 1857 1355 aui-

538 1380 652 1445 mabus
677 1381 802 1446 nostris.
849 1380 996 1445 Predicta
1021 1388 1127 1447 autem
1155 1380 1292 1446 ecclesia
1319 1381 1352 1445 in
1374 1380 1548 1446 Waterlere
1574 1380 1694 1445 nnllam
1721 1380 1855 1444 omuino

539 1470 579 1534 de
601 1476 704 1535 cetere
726 1469 857 1535 babebit
878 1471 1104 1553 proprietatem
1125 1470 1276 1535 librorum
1298 1469 1510 1554 predictorum
1530 1489 1590 1534 nec
1606 1468 1737 1534 babebit
1751 1468 1852 1533 lacul-

538 1566 637 1624 tatem
658 1578 712 1623 ees
738 1558 898 1624 vendendi
925 1558 978 1623 vel
1005 1560 1244 1644 impignorandi
1272 1561 1323 1624 vel
1344 1559 1451 1641 alique
1473 1559 1566 1623 medo
1588 1558 1766 1630 alienandi,
1794 1556 1853 1622 sed

537 1647 754 1714 tantummodo
786 1647 918 1712 babebit
949 1666 1037 1712 usum
1071 1656 1103 1712 et
1133 1648 1308 1712 custodiam
1342 1648 1520 1713 eorundem.
1563 1649 1598 1712 ln
1630 1646 1723 1711 buius
1743 1654 1853 1711 autem

538 1737 584 1801 rei
611 1736 714 1801 maius
740 1736 954 1801 testimonium
978 1742 1010 1800 et
1029 1737 1176 1801 notitiem
1199 1756 1257 1801 nos
1283 1739 1380 1801 irater
1399 1736 1557 1801 Iohannes
1578 1736 1751 1818 gordianus
1780 1754 1852 1820 pre-

537 1826 623 1890 dicte
650 1825 761 1890 domus
787 1832 893 1890 nestro
918 1845 957 1889 ac
977 1826 1085 1891 fratris
1106 1825 1259 1891 Iohannis
1279 1833 1311 1890 et
1336 1826 1457 1890 demini
1478 1826 1646 1891 Gunceliui
1675 1832 1707 1891 et
1728 1824 1851 1889 domiui

538 1914 706 1995 Ghisouis,
742 1913 959 1979 coadiutorem
993 1921 1169 1979 nostrerum
1203 1915 1430 1997 predictorum,
1462 1916 1588 1981 nomine
1619 1921 1651 1978 ct
1682 1934 1720 1977 ex
1752 1912 1851 1995 plene

537 2005 677 2088 ipsorum
705 2021 860 2068 censensu
889 2003 1036 2069 duximus
1064 2009 1242 2086 presentem
1270 2002 1408 2069 litteram
1434 2003 1534 2085 sigilli
1554 2002 1655 2069 uestri
1674 2002 1853 2066 munimine

536 2091 757 2159 roborandam.
799 2091 844 2157 Ut
868 2099 974 2157 autem
1000 2092 1059 2157 bec
1083 2092 1227 2177 predicta
1253 2098 1360 2157 nestra
1384 2092 1547 2158 ordinacio
1570 2090 1849 2175 inpermutabilem
1901 2158 1903 2163 ,

537 2182 695 2247 firmitatis
715 2181 860 2247 obtineat
879 2180 1022 2263 vigorem
1039 2185 1073 2246 et
1092 2180 1210 2263 iugiter
1230 2180 1417 2245 inconvulsa
1437 2188 1638 2264 permaneat,
1665 2178 1848 2262 impetravi-

536 2290 623 2351 mus,
650 2269 735 2336 bauc
761 2268 896 2334 eandem
925 2269 1061 2334 litteram
1090 2269 1198 2350 sigillo
1224 2268 1391 2335 reverendi
1421 2269 1521 2351 patris
1546 2275 1578 2333 et
1602 2268 1721 2333 demini
1746 2268 1848 2333 nostri

535 2360 658 2425 Alberti
679 2358 822 2443 episcopi
842 2358 1121 2424 Halberstadensis
1141 2358 1270 2423 firmiter
1290 2358 1484 2423 communiri.

617 2448 734 2514 Datum
761 2466 844 2511 anno
871 2446 993 2512 domiui
1020 2447 1188 2513 millesime
1214 2447 1426 2513 tricentesime
1447 2466 1545 2528 nono,
1570 2448 1603 2510 iu
1624 2447 1738 2529 vigilia
1760 2446 1847 2512 beati

536 2536 656 2602 Mathei
676 2536 813 2621 apostoli
834 2540 867 2601 et
887 2534 1095 2617 evangeliste.

611 2653 716 2707 Uraclrr.
733 2652 822 2705 Wern.
857 2650 915 2705 Ven
932 2650 991 2705 dem
1008 2650 1092 2720 &eqd
1108 2651 1155 2705 des
1172 2650 1298 2717 Bicclrofs
1315 2651 1378 2705 sind
1394 2668 1450 2705 mo
1469 2656 1488 2707 2
1506 2651 1591 2705 lrlcirre
1604 2650 1844 2705 Bnnbetnobcben

534 2722 706 2789 verbanden,
729 2721 780 2777 dus
801 2721 847 2776 des
871 2721 1012 2775 caraem
1034 2722 1070 2775 iat
1091 2722 1211 2776 menimis
1236 2724 1313 2775 eturlc
1337 2723 1447 2775 teleta.
1493 2723 1549 2790 Vpl.
1576 2723 1625 2775 mit
1647 2722 1846 2775 curacura

541 2794 605 2849 Urlr.
624 2792 752 2847 Zeitscbr.
776 2791 802 2845 d.
822 2792 989 2859 Heracleas.
1009 2791 1115 2846 611111-
1132 2809 1161 2851 u,
1181 2790 1410 2847 Attenia-Kanate
1426 2796 1445 2847 2
1463 2793 1554 2860 (1869)
1573 2795 1596 2847 1.
1615 2790 1643 2847 S.
1662 2794 1822 2846 149-153.

536 2980 651 3063 1310.
676 2977 916 3061 November
933 2979 996 3061 25.
1777 2978 1843 3061 52.

635 3112 802 3190 Heinrich,
834 3112 927 3195 Grcf
949 3132 991 3177 nn
1017 3112 1260 3193 Blandenbnrp,
1287 3112 1352 3193 our
1371 3114 1440 3177 dein
1459 3112 1591 3178 Klester
1608 3113 1761 3179 Waterler
1784 3114 1846 3177 dns

635 3211 826 3292 Etpastlrum
841 3211 927 3274 cicer
940 3209 1031 3292 ane
1040 3210 1110 3274 und
1130 3211 1215 3275 einer
1226 3209 1378 3293 Hesstelle
1396 3210 1530 3275 daselbst
1548 3232 1589 3275 eu
1610 3212 1708 3276 circem
1729 3212 1844 3292 ewipen

635 3309 734 3386 Licbt,
756 3308 940 3375 &dmessen
959 3309 1030 3371 end
1049 3307 1255 3387 Mittbeu'lnno
1275 3308 1331 3371 der
1349 3312 1444 3389 oeten
1463 3308 1582 3374 chlre.

613 3425 681 3489 Nes
702 3424 851 3489 llinricus
877 3421 930 3486 dei
960 3421 1065 3503 gratia
1096 3440 1201 3486 cernes
1229 3420 1270 3486 de
1296 3421 1562 3505 Blanckeuborgh
1590 3424 1844 3506 recognoscimus

534 3534 640 3580 ceram
666 3512 823 3577 universis
848 3510 1085 3576 cristilidelibus
1109 3510 1238 3595 publice
1266 3517 1490 3594 protestantes,
1520 3512 1603 3594 qued
1631 3529 1689 3577 nes
1710 3513 1750 3578 de
1772 3532 1843 3578 con·

532 3622 627 3669 mesu
656 3600 791 3665 liliorum
820 3608 853 3664 et
878 3598 1012 3663 tiliarum
1037 3603 1069 3663 et
1100 3599 1239 3663 emnium
1266 3598 1414 3663 heredum
1441 3606 1616 3665 nostrerum
1641 3602 1842 3685 omniumque

532 3710 649 3772 eorum,
670 3708 800 3772 querum
822 3706 994 3754 consensus
1012 3686 1054 3753 de
1074 3687 1142 3752 iure
1163 3694 1218 3752 aut
1239 3686 1279 3753 de
1300 3688 1528 3754 consuetudine
1547 3689 1589 3754 ad
1612 3689 1670 3755 hoc
1684 3692 1842 3773 requiren-

533 3779 593 3845 dus
618 3778 737 3859 luerat,
768 3776 914 3842 dedimus
944 3782 976 3842 et
1001 3775 1114 3841 damus
1143 3776 1176 3840 iu
1204 3776 1266 3841 biis
1292 3776 1419 3860 seriptis
1447 3778 1581 3843 ecclesie
1608 3788 1641 3845 et
1671 3780 1840 3845 couventui

532 3866 820 3935 sanctimonialium
844 3867 877 3931 iu
898 3865 1072 3931 Waterlere
1092 3864 1317 3949 proprietatem
1340 3865 1431 3929 unius
1458 3866 1560 3931 mansi
1589 3868 1642 3933 siti
1668 3868 1786 3933 ibidem
1808 3870 1841 3931 iu

531 3956 707 4022 Waterlere
727 3974 797 4019 cum
826 3972 889 4019 una
908 3972 984 4017 urea
1005 3954 1130 4018 invilla
1151 3952 1263 4019 eudem
1285 3961 1317 4018 et
1337 3973 1406 4018 cum
1419 3956 1506 4018 omni
1519 3956 1586 4020 iure
1601 3975 1671 4020 cum
1683 3958 1842 4023 omnibus-

532 4065 594 4128 que
622 4045 664 4111 ad
689 4064 761 4109 eum
788 4042 1019 4129 pcrtinentibus
1043 4048 1107 4108 tam
1129 4043 1161 4107 in
1182 4043 1261 4107 villa
1281 4062 1376 4125 quam
1399 4043 1431 4105 in
1453 4045 1589 4127 campis,
1618 4048 1840 4111 renunciantes

532 4135 618 4199 omni
647 4133 722 4212 iuri,
750 4131 835 4215 qnod
861 4132 894 4196 iu
920 4132 991 4215 ipse
1012 4131 1165 4196 hactenus
1188 4132 1368 4211 babuimus,
1389 4131 1544 4214 nobisque
1564 4138 1596 4197 et
1616 4134 1732 4199 nostris
1753 4133 1840 4198 here-

531 4220 627 4286 dibus
652 4220 752 4286 nichil
780 4222 814 4284 iu
842 4240 881 4285 eo
907 4220 986 4285 iuris
1010 4220 1140 4305 penitus
1166 4225 1373 4284 reservantes.
1421 4220 1542 4286 Damus
1568 4228 1673 4286 autem
1700 4222 1841 4307 proprie-

532 4316 630 4376 tatem
656 4310 750 4374 istius
774 4309 879 4374 mansi
906 4308 949 4372 ad
977 4308 1050 4390 bec,
1080 4313 1116 4372 ut
1143 4306 1183 4372 de
1212 4308 1281 4389 ipse
1313 4328 1423 4374 manse
1451 4310 1556 4374 lumen
1585 4317 1772 4393 perpetuum
1805 4311 1839 4375 iu

531 4397 643 4463 eedem
676 4398 868 4461 monasterie
905 4405 1090 4481 procuretur
1120 4396 1267 4462 continuo
1301 4396 1345 4462 ad
1376 4396 1526 4464 honorem
1560 4400 1644 4464 sacri
1674 4399 1840 4481 sanguinis

530 4488 623 4554 lbesu
645 4486 748 4553 Cristi.
789 4486 909 4552 Eedem
940 4488 1042 4551 eciam
1070 4486 1330 4552 sanctimoniales
1355 4486 1570 4553 observabunt
1597 4494 1629 4553 et
1648 4488 1842 4557 sollemniter
