4459 5167
871 272 918 327 Νι.
937 274 978 327 33.
998 274 1040 327 ul.
1059 290 1082 329 a.
1104 274 1178 327 1295.
1201 276 1277 329 1296.
1674 280 1725 332 119

521 420 666 487 omnihus
681 422 888 488 observanda.
922 422 1142 505 llaguutinum
1157 425 1325 490 concilium
1347 426 1514 493 universos
1535 428 1727 504 sacerdotes,

522 508 725 575 ecelesiarum
753 511 997 595 parrochialiuru
1025 512 1076 577 vei
1098 513 1291 597 capellarum
1312 516 1492 597 ministros,
1517 517 1727 581 excommuni-

521 599 638 665 cationi
664 600 829 667 subiacere
858 600 1011 673 decrevit,
1036 604 1215 685 quicunqne
1237 604 1278 669 de
1297 602 1391 688 plebe
1419 625 1491 684 sua,
1518 606 1639 671 sivein
1659 608 1728 671 vita

521 689 589 752 sive
618 688 782 763 inmortua,
811 690 930 755 directe
952 690 1002 755 vel
1024 692 1179 755 indirecte
1200 693 1394 775 persuadere
1417 694 1660 778 presumpserit,
1686 714 1727 759 ne

523 779 555 841 in
582 778 725 843 ecclesiis
758 778 1018 844 conventualibus
1047 780 1097 843 vel
1127 780 1201 844 aliis
1230 780 1309 847 locis
1340 782 1445 863 magis
1475 782 1633 864 religiosis
1663 784 1726 849 sibi

519 867 641 948 eligant
666 868 875 951 sepulturam,
901 887 970 933 oum
999 868 1073 933 talis
1098 872 1263 952 persuasio
1289 872 1389 935 meris
1410 873 1585 937 canonibus
1604 880 1726 937 eontra·

518 955 605 1018 dicat
630 964 661 1020 et
686 956 727 1021 de
758 958 895 1021 avaritie
918 956 1025 1022 radice
1053 956 1214 1039 procedat.
1272 958 1388 1023 Verum
1408 960 1591 1025 sacerdotes
1617 968 1649 1025 et
1669 962 1725 1027 rni-

522 1044 612 1109 nistri
639 1044 775 1129 predicti
800 1046 832 1109 in
858 1044 1118 1110 communicando
1138 1044 1282 1111 subditos
1302 1066 1376 1112 suos
1396 1047 1429 1111 in
1452 1048 1633 1129 egritudine
1654 1070 1725 1115 con-

519 1133 659 1213 stitutos,
686 1132 901 1199 difficultatem
924 1134 1071 1216 ingerunt
1097 1134 1329 1215 aliquando-
1350 1172 1391 1181 —
1411 1156 1452 1181 -·-
1474 1136 1532 1201 heo
1560 1138 1725 1219 duntaxat,

519 1222 602 1304 quod
638 1220 722 1287 idem
758 1222 877 1287 subditi
911 1223 944 1287 in
977 1224 1120 1289 ecclesiis
1152 1222 1414 1288 conventualibus
1450 1244 1505 1289 seu
1539 1226 1613 1292 aliis
1645 1228 1723 1293 loeis

519 1312 620 1389 magis
646 1310 803 1392 religiosis
837 1310 899 1375 sibi
923 1311 1045 1393 eligant
1070 1312 1272 1395 sepulturam.
1325 1312 1403 1377 Cum
1438 1312 1536 1394 igitur
1568 1334 1657 1379 mora
1689 1316 1725 1379 in

519 1400 636 1465 talibus
671 1402 713 1465 sit
750 1400 928 1483 periculosa
957 1408 988 1465 et
1014 1400 1208 1485 dampnosa,
1247 1400 1339 1465 huius
1376 1404 1458 1465 sacri
1493 1404 1724 1486 approbatione

517 1490 643 1555 concilii
666 1489 822 1555 adicimus
844 1496 1022 1569 memorato,
1046 1496 1079 1554 ut
1101 1498 1267 1573 postquam
1284 1489 1363 1553 dicti
1384 1489 1505 1554 subditi
1524 1499 1723 1572 peccatorum

519 1598 643 1643 suorum
668 1578 896 1644 confessionem
923 1580 1067 1657 iecerint,
1097 1585 1131 1643 ut
1159 1585 1322 1657 tenentur,
1347 1577 1375 1641 si
1398 1586 1535 1644 rectores
1555 1600 1660 1645 eorum
1683 1582 1723 1647 ob

519 1668 592 1747 hoc,
621 1668 704 1751 quod
736 1669 900 1749 elegerunt
925 1669 1118 1751 sepulturam
1144 1668 1177 1733 in
1203 1667 1348 1733 ecelesiis
1374 1669 1636 1733 conventualibus
1667 1690 1723 1735 seu

523 1757 596 1821 aliis
625 1757 703 1823 locis
734 1758 837 1839 magis
870 1758 1027 1837 religiosis
1054 1763 1085 1821 et
1109 1756 1290 1841 dyocesauo
1324 1756 1477 1821 subiectis
1510 1756 1656 1823 difficiles
1688 1778 1724 1824 se

519 1845 714 1911 reddiderint
734 1846 767 1910 iu
788 1846 1047 1909 communicando
1068 1843 1204 1925 eosdem,
1226 1843 1323 1908 iidem
1342 1850 1458 1908 extunc
1474 1846 1723 1912 communionem

519 1938 658 2021 eorporis
688 1936 807 2001 domini
833 1936 930 2001 nostri
958 1936 1028 1999 lesu
1051 1936 1170 2001 Christi
1198 1934 1340 2017 recipere
1368 1934 1525 1999 volueriut
1549 1936 1722 2003 sacerdote.

521 2027 724 2091 Decrevimus
750 2026 861 2105 etiam,
893 2032 925 2089 ut
952 2032 1100 2108 parentes
1124 2044 1181 2107 pru
1218 2024 1328 2089 liberis
1357 2023 1441 2087 inl'ra
1472 2044 1574 2090 annos
1606 2025 1722 2091 disere

518 2116 613 2181 tionis
636 2112 818 2197 agentibus,
849 2120 881 2177 ut
908 2132 964 2195 pro
988 2110 1064 2193 hiis,
1094 2132 1172 2195 quos
1200 2118 1310 2177 tenent
1336 2111 1369 2175 in
1393 2118 1528 2195 paterna
1555 2120 1723 2197 potestate,

517 2206 635 2287 eligere
660 2202 790 2267 valeant
817 2201 917 2265 libere
943 2200 1147 2285 sepulturam.
1188 2200 1230 2264 Et
1259 2219 1317 2265 uos
1349 2202 1547 2281 presentibus
1579 2202 1723 2287 sigillum

518 2301 656 2361 nostrum
682 2290 802 2374 apponi
828 2288 959 2355 fecimus
988 2290 1020 2353 in
1054 2289 1268 2354 testimonium
1298 2288 1453 2353 veritatis.
1507 2288 1625 2357 Datum
1656 2292 1721 2359 bio-

540 2384 636 2449 untie.

498 2404 588 2537 Hganc
615 2470 711 2553 igitur
739 2469 875 2535 litteram
903 2468 945 2533 ad
976 2467 1162 2533 instantiam
1189 2466 1320 2531 fratrum
1346 2463 1569 2532 heremitarum
1599 2468 1721 2535 ordinis

413 2563 519 2628 sancti
546 2559 716 2643 Augustini
742 2559 835 2623 Porte
863 2556 930 2622 Celi
955 2557 994 2621 de
1022 2557 1119 2622 verbo
1144 2554 1187 2619 ad
1219 2555 1317 2620 verbo
1348 2556 1589 2637 transscriptum
1621 2558 1721 2641 sigilli

412 2650 514 2717 nostri
536 2648 707 2714 munimine
730 2646 877 2711 duximus
898 2644 1154 2711 confirmandam.

486 2764 547 2819 Dus
568 2762 745 2832 oldrartyeruie
762 2762 845 2830 Stupet
862 2762 897 2814 ist
915 2760 954 2815 bei
967 2779 989 2815 c.
1006 2762 1097 2815 Erotio
1121 2763 1177 2814 rod.
1201 2764 1228 2815 di
1248 2762 1265 2814 l.
1285 2763 1391 2829 Quodl..
1418 2778 1456 2815 ιω
1473 2760 1516 2817 die
1539 2764 1602 2819 Uria
1620 2764 1648 2818 S.
1666 2768 1720 2819 302

413 2836 485 2891 naeu
505 2834 553 2889 cer
576 2834 708 2900 drusun
722 2832 851 2901 punctu
873 2832 921 2897 ur,
939 2833 995 2898 aur·
1013 2832 1072 2897 ras.
1091 2830 1169 2883 xrrr
1177 2832 1206 2898 ν,
1224 2780 1275 2885 iu.
1296 2836 1331 2885 ro
1347 2830 1497 2914 munus
1532 2834 1603 2889 uer
1619 2835 1655 2889 ur
1672 2834 1719 2889 uer

413 2922 505 2977 Nauae
528 2922 575 2977 dea
596 2921 721 2989 Biaehoss
747 2919 973 2999 urupcsclm'ebeu:
1000 2920 1017 2987 †
1040 2920 1229 2974 vulturnus
1253 2960 1259 2973 .
1283 2919 1719 2979 hslzurau.11unuuusua·

413 3010 550 3066 DENSIS:
571 3008 718 3065 Eccum:
740 3008 814 3063 EPG.

943 3098 1161 3105 μ-α-ο--η-ο-
1174 3098 1194 3105 -

413 3164 530 3247 1296.
559 3162 809 3265 September
825 3162 866 3243 l.
974 3170 979 3179 '
1652 3164 1718 3248 34.

515 3296 586 3362 Das
609 3297 737 3363 Rusio
757 3297 1015 3377 iiiptmelpscrieru
1037 3298 1182 3379 uariauit
1202 3300 1259 3362 mit
1275 3298 1495 3380 Zrottnrumup
1514 3300 1568 3363 dos
1585 3298 1719 3363 Ordess-

513 3395 704 3477 proviusiols
725 3396 793 3458 dem
813 3396 977 3459 deutschen
998 3394 1101 3459 (urion
1115 3397 1167 3458 eiu
1178 3396 1302 3475 Erhput
1314 3417 1355 3461 ru
1374 3396 1604 3477 Dorir'ttperodc
1619 3398 1718 3460 doureh

525 3492 746 3573 Vermittelrtrrp
766 3494 819 3556 des
842 3492 1157 3556 Prouincialoouriurs
1176 3494 1245 3556 scroti
1266 3494 1320 3557 des
1344 3494 1488 3558 t'orrriurs
1511 3514 1552 3559 zu
1573 3494 1718 3575 latapetra

514 3594 571 3672 fiir
591 3594 634 3655 45
656 3590 755 3654 Muris
776 3590 883 3653 reirtcrt
905 3590 1027 3655 Siibcrs

496 3706 672 3789 Universis,
692 3708 733 3771 ad
756 3706 838 3791 quod
857 3725 987 3789 presens
1008 3708 1159 3790 scriptum
1175 3708 1433 3791 perveneritnos,
1455 3708 1606 3773 videlicet
1621 3706 1718 3773 frater

415 3798 574 3863 Iohannes
595 3796 698 3863 dictus
718 3797 759 3861 de
780 3796 996 3877 Wittenberg‚
1025 3798 1111 3880 prior
1133 3797 1243 3861 domus
1264 3799 1356 3861 Porte
1379 3797 1458 3877 Celi,
1482 3802 1626 3879 totusque
1646 3816 1717 3861 uon·

415 3895 527 3955 ventus
548 3886 680 3968 ibidem,
707 3886 827 3952 ordinis
847 3888 977 3951 iratrurn
1001 3886 1223 3951 heremitarum
1242 3888 1344 3953 sancti
1364 3886 1549 3969 Augustini,
1574 3886 1717 3951 volumus

414 3997 484 4043 esse
507 3983 624 4055 notum,
643 3976 726 4058 quod
748 3975 788 4039 de
809 3995 962 4041 consensu
985 3976 1117 4060 speciali
1135 3978 1241 4042 i'ratris
1258 3976 1431 4041 Hermanni
1453 3974 1717 4049 dictillershove‚

413 4066 528 4151 prioris
556 4066 655 4129 nostri
687 4064 907 4148 provincialis,
940 4064 1141 4129 vendidimus
1174 4064 1325 4130 allodium
1358 4062 1518 4147 quoddam
1555 4064 1648 4127 situm
1685 4064 1717 4127 in

414 4153 723 4237 Dherverdigerothe
744 4172 813 4217 oum
830 4152 931 4217 tribus
955 4154 1075 4216 mansis
1096 4160 1129 4219 et
1150 4152 1282 4219 dimidio
1303 4160 1335 4218 et
1354 4155 1457 4238 pratis
1475 4152 1665 4235 quibusdam
1686 4160 1718 4219 et

414 4243 559 4309 domibus
583 4242 771 4325 quibusdam
800 4260 870 4307 cum
898 4241 981 4307 areis
1008 4240 1127 4305 ibidem
1148 4244 1289 4323 situatis,
1319 4262 1379 4325 que
1404 4261 1463 4308 nos
1491 4242 1597 4307 multis
1622 4244 1717 4307 annis

413 4334 508 4416 pleno
534 4332 737 4415 proprietatis
762 4331 831 4395 iure
857 4338 889 4395 et
917 4330 1000 4396 bona
1020 4330 1083 4394 lide
1104 4330 1318 4413 possedimus,
1338 4330 1441 4395 ordini
1463 4330 1504 4395 de
1530 4330 1622 4396 domo
1650 4338 1715 4395 teu-

414 4422 521 4485 tunica
548 4420 658 4485 eodem
685 4421 751 4486 iure
780 4426 811 4483 et
837 4419 935 4485 libere
969 4418 1169 4505 possidenda.
1218 4419 1467 4484 Procuraverunt
1500 4426 1605 4484 autem
1633 4419 1716 4484 hane
