4459 5167
894 355 940 411 Nr.
960 358 992 410 41
1020 359 1062 415 45.
1083 376 1107 413 a
1129 356 1203 411 lert.
1653 352 1703 409 127

400 571 508 653 1317.
535 570 660 672 April
679 570 740 652 18.
769 570 980 668 Avlguon.
1635 568 1702 651 tir.

505 714 602 795 Pnpsd
620 715 743 777 16116116
767 714 884 777 XXII.
907 715 1083 795 trarrslroqt
1109 714 1160 776 elie
1180 714 1378 795 Erzlriselnlfe
1398 733 1453 775 ron
1473 712 1596 789 dicim,
1619 712 1705 775 Kobe

501 814 570 875 urtd
588 812 794 893 ulfopdebnry,
817 812 1076 892 (licAupnsliner
1096 812 1348 874 6661611666·
1369 812 1478 891 stills-
1498 812 1568 873 nnd
1592 808 1705 891 111611·-

500 909 701 990 peistlicblreit
729 911 897 990 pepmstiber
924 912 956 973 in
982 910 1065 973 ilrrer
1086 910 1225 973 Freilreit
1250 930 1290 972 eu
1313 909 1463 989 prodigere
1490 908 1560 971 iered
1579 906 1707 969 Beielrfr·

500 1028 541 1071 66
560 1008 664 1085 bibere,
683 1009 718 1071 in
739 1008 794 1071 der
819 1006 952 1073 1166166
977 1007 1162 1089 Tilirinpen
1182 1007 1251 1071 61111
1272 1006 1468 1069 8661166666
1486 1004 1639 1067 solennes.

482 1131 666 1214 1616666611
681 1132 863 1216 episcopus,
891 1152 1000 1197 servus
1026 1152 1186 1197 servornm
1207 1132 1274 1205 dei,
1299 1128 1537 1195 venerabilibus
1557 1129 1707 1193 fratribus

398 1220 650 1303 blaguntinensi,
679 1220 859 1285 Coloniensi
885 1228 916 1287 61
937 1222 1206 1303 Mngdebnrgcnsi
1235 1219 1485 1303 archiepiscopis
1514 1220 1707 1284 salutemet

398 1311 607 1394 apostolicam
646 1310 907 1376 benedictionem.
966 1312 1033 1375 Etsi
1069 1311 1264 1393 quibuslibet
1301 1308 1460 1390 religiosis
1498 1309 1643 1393 personis
1675 1313 1707 1373 et

398 1400 480 1466 loeis
506 1420 545 1465 ex
575 1400 715 1464 iniuncto
743 1399 835 1463 nobis
862 1399 1024 1465 servitutis
1049 1398 1152 1464 officio
1181 1400 1330 1463 assistere
1351 1397 1546 1463 defensionis
1568 1394 1706 1480 presidio

397 1496 579 1569 teneamur,
609 1488 673 1553 illis
700 1496 804 1552 tamen
823 1487 994 1571 specialius
1021 1494 1053 1551 61
1075 1487 1234 1553 efficacius
1255 1488 1368 1551 adesse
1389 1506 1447 1551 nos
1466 1484 1631 1563 convenit,
1652 1483 1707 1565 qui

400 1580 472 1643 sedi
501 1578 674 1661 apostolice
702 1577 875 1642 inmediate
902 1578 1036 1641 subiecti
1060 1597 1123 1641 non
1145 1577 1264 1642 habent
1285 1583 1389 1660 preter
1410 1575 1583 1638 Romanum
1604 1574 1707 1657 ponti·

398 1667 492 1731 ficem
527 1665 624 1729 alium
657 1666 861 1732 defensorem.
915 1668 993 1732 Cum
1023 1668 1131 1748 itaque
1163 1686 1202 1731 ex
1229 1674 1320 1749 parte
1352 1665 1539 1731 dilectorum
1572 1661 1706 1726 filiorum

398 1754 516 1839 prioris
553 1754 713 1837 generalis
750 1762 782 1821 et
815 1756 945 1821 fratrum
986 1756 1106 1821 ordinis
1140 1755 1364 1819 heremitarum
1403 1752 1505 1818 sancti
1537 1749 1705 1832 Augustini

397 1846 495 1909 fuerit
523 1843 718 1927 propositum
745 1864 850 1909 coram
874 1844 980 1925 nobis,
1008 1846 1092 1927 quod
1121 1846 1184 1928 ipsi
1214 1864 1234 1907 a
1268 1843 1427 1907 nonnullis
1448 1858 1543 1922 snper
1564 1837 1707 1923 predica-

399 1931 548 1999 cionibus
579 1931 679 1997 libere
707 1931 748 1997 ab
770 1934 890 1998 eisdem
916 1934 1066 1999 lintribus
1085 1932 1242 1998 faciendis
1262 1940 1294 1995 et
1314 1929 1484 1997 audiendis
1504 1928 1708 1993 confessioni·

398 2024 461 2087 bus
485 2022 533 2085 eis
560 2028 692 2103 peccata
712 2042 770 2087 sua
792 2022 971 2088 voleneium
999 2022 1139 2087 confiteri
1166 2028 1197 2085 et
1218 2022 1292 2086 aliis
1313 2021 1434 2085 iuribus
1455 2027 1488 2088 ct
1509 2016 1709 2081 libertatibus

398 2110 482 2197 ipsis
510 2110 553 2174 ab
584 2111 760 2195 apostoliea
789 2110 865 2177 sede
885 2112 1043 2176 concessis
1064 2133 1084 2177 6
1104 2112 1249 2195 prelatis,
1270 2110 1443 2175 rectoribus
1465 2115 1497 2172 et
1518 2106 1614 2185 clero,
1635 2105 1709 2169 aliis

398 2200 547 2284 personis
575 2206 683 2264 eontra
710 2200 833 2265 indulta
857 2202 1094 2285 privilegiorum
1123 2201 1209 2266 dicte
1241 2200 1328 2265 sedis
1355 2202 1402 2263 eis
1432 2197 1473 2261 ab
1498 2197 1610 2261 eadem
1632 2196 1708 2259 sede

399 2306 620 2354 concessorum
652 2290 870 2373 multipliciter
901 2291 1105 2355 molestentur
1137 2297 1169 2354 et
1195 2289 1384 2371 gravamina
1414 2285 1494 2369 ipsis
1518 2282 1709 2368 multiplicia

399 2379 592 2456 inferantur,
620 2396 678 2440 nos
706 2378 849 2441 volentes
876 2379 923 2441 eis
949 2396 1045 2461 super
1074 2377 1134 2442 boc
1157 2378 1198 2441 dc
1218 2376 1338 2460 optimo
1364 2373 1504 2440 remedio
1530 2372 1709 2457 providere,

399 2464 593 2531 fraternitati
620 2472 723 2530 vestre
751 2485 809 2547 per
834 2466 1011 2549 apostolica
1033 2467 1153 2549 scripta
1172 2465 1375 2543 mandamus,
1404 2470 1559 2546 quatenus
1580 2480 1637 2525 vos
1657 2462 1708 2525 vel

400 2555 465 2619 duo
491 2560 547 2617 aut
575 2572 656 2619 nnus
682 2561 820 2618 vestrum
847 2573 903 2637 per
929 2574 987 2619 vos
1011 2555 1062 2619 vel
1088 2575 1146 2637 per
1165 2555 1262 2619 alium
1284 2572 1339 2619 scu
1361 2553 1443 2617 alios
1461 2551 1611 2617 fratribus
1630 2550 1708 2614 dieti
1788 2551 1795 2565 “

400 2644 524 2709 ordinis
552 2644 713 2726 provincie
745 2644 920 2727 Thuringie
951 2651 983 2709 et
1015 2645 1156 2709 Saxonis
1188 2643 1308 2708 efficaci
1340 2640 1481 2727 presidio
1514 2640 1710 2705 defensionis

401 2734 589 2799 assistentes
611 2752 673 2797 non
696 2734 901 2816 permittatis,
928 2751 982 2797 eos
1010 2740 1119 2797 eontra
1139 2740 1279 2797 tenorem
1306 2731 1543 2815 privilegiorum
1568 2728 1708 2810 ipsorum

402 2844 423 2887 6
449 2822 604 2907 predictis
627 2822 678 2887 vel
700 2822 774 2887 aliis
799 2822 1035 2903 quibuscunque
1057 2820 1218 2885 molestari
1238 2839 1298 2885 neo
1319 2820 1367 2884 cis
1387 2818 1496 2898 aliqua
1521 2816 1710 2899 gravamina

402 2913 454 2979 vel
481 2912 616 2976 iniurias
642 2912 790 2993 irrogari,
821 2912 977 2976 1661611166
1004 2910 1083 2995 ipsis
1114 2909 1265 2973 tratribus
1292 2907 1333 2973 de
1363 2907 1462 2971 illatis
1496 2906 1545 2969 eis
1575 2905 1709 2983 iniuriis,

403 3000 681 3067 molestseionibus
722 3006 754 3065 et
792 3000 1032 3081 gravaminibus
1069 3010 1178 3064 eontra
1213 3006 1353 3063 tenorem
1384 2997 1532 3074 eundem,
1574 2993 1606 3058 in
1644 2994 1710 3058 illis

402 3090 569 3169 videlieet,
607 3108 667 3165 quc
699 3088 878 3153 iudicialem
911 3088 1072 3170 requirunt
1100 3087 1301 3169 indaginem,
1336 3105 1393 3169 per
1417 3086 1503 3148 viam
1524 3082 1649 3156 iudicii,
1676 3083 1708 3145 in

403 3180 478 3243 aliis
504 3197 578 3241 vero
600 3184 691 3259 prout
717 3176 854 3258 qualitas
880 3178 1019 3260 ipsorum
1046 3178 1189 3259 exegerit
1216 3177 1340 3241 iusticie
1366 3175 1643 3257 complementum,
1665 3172 1710 3234 116

403 3264 665 3350 quodomnium,
692 3271 833 3349 potestas
859 3272 890 3330 et
916 3266 1094 3331 iurisdictio
1120 3272 1228 3329 vestra
1254 3285 1292 3330 ex
1318 3282 1401 3328 nunc
1426 3266 1614 3344 perpetuata
1638 3278 1710 3323 oen-

403 3362 544 3433 6666161,
563 3354 780 3419 molestatores
799 3360 830 3419 61
850 3354 1050 3419 161611616166
1070 3353 1249 3417 huiusmodi
1272 3372 1394 3417 necnon
1412 3348 1658 3415 contradictores
1678 3356 1711 3413 et

403 3444 540 3510 rebelles
553 3441 811 3525 quandocumque
826 3443 1087 3524 quociescumque
1100 3442 1286 3525 expedierit,
1307 3461 1364 3524 per
1379 3456 1542 3504 censuram
1561 3438 1709 3502 eeclesia-

404 3537 518 3601 sticam
552 3532 771 3616 appellacionc
799 3532 975 3615 postposita
1001 3532 1248 3615 compescendo,
1284 3548 1346 3594 non
1378 3528 1524 3591 obstante
1549 3528 1636 3591 tam¹
1668 3526 1710 3590 dc

404 3625 530 3689 duabus
555 3622 650 3687 dietis
673 3623 704 3684 in
728 3622 860 3687 coneilio
882 3620 1038 3703 generali,
1060 3622 1219 3702 qnondam
1239 3619 1340 3683 felicis
1361 3615 1593 3682 recordacionis
1616 3616 1710 3681 Boni-

403 3714 482 3779 faeii
509 3730 591 3795 pape
612 3712 731 3792 octavi,
757 3711 990 3795 predecessoris
1010 3710 1116 3789 nostri,
1138 3728 1269 3793 quarum
1290 3708 1394 3791 prima
1414 3716 1558 3785 cavetur,
1577 3724 1618 3769 ne
1639 3706 1711 3786 quis

406 3803 502 3869 certis
527 3801 668 3883 exeeptis
690 3801 818 3865 casibus
838 3806 928 3865 61116
949 3818 1038 3866 suam
1059 3800 1222 3864 civitatem
1244 3806 1277 3862 et
1297 3797 1448 3874 diocesin,
1471 3793 1611 3860 secunda
1625 3813 1711 3871 vero,

405 3912 446 3958 ne
468 3910 541 3956 reus
562 3890 691 3955 alterius
714 3890 851 3955 diocesis
870 3890 953 3953 ultra
976 3908 1069 3953 unam
1091 3889 1210 3952 dietam
1233 3908 1254 3951 a
1271 3887 1387 3951 finibus
1409 3884 1551 3949 ciusdem
1575 3883 1711 3948 diocesis

405 3983 448 4047 ad
469 3980 621 4044 iudicium
643 3984 799 4056 evocetur,
818 3978 941 4042 6161116
962 3978 1210 4059 quibuscumque
1231 3974 1511 4041 constitucionibus
1529 3973 1571 4037 ab
1591 3972 1710 4037 eisdem

405 4068 683 4157 predecessoribus
703 4066 819 4131 uostris
840 4074 904 4130 ianr
926 4066 966 4131 de
989 4065 1148 4130 iudicibus
1163 4064 1321 4146 delegatis
1331 4084 1424 4146 quam
1437 4062 1711 4127 conservatoribus

406 4168 440 4227 et
476 4160 549 4223 61116
586 4158 714 4237 edictis,
748 4174 809 4239 que
835 4162 939 4220 nostre
972 4162 1102 4239 possent
1133 4156 1166 4217 in
1196 4153 1258 4218 bae
1292 4161 1381 4236 parte
1415 4150 1625 4215 iurisdictioni
1656 4163 1712 4218 ant

406 4247 555 4335 potestati
579 4248 708 4329 eiusque
728 4246 828 4310 libero
843 4246 999 4309 exercicio
1014 4242 1251 4327 quomodolibet
1267 4244 1407 4322 obviare,
1431 4260 1486 4306 seu
1508 4239 1536 4302 si
1550 4238 1711 4321 aliquibus

408 4362 429 4405 a
451 4338 527 4405 sede
548 4336 723 4420 apostoliea
743 4334 785 4399 sit
801 4333 964 4412 indultum,
986 4332 1070 4415 quod
1086 4333 1361 4413 excommunicari,
1382 4327 1534 4415 suspendi
1548 4326 1600 4392 vel
1617 4331 1711 4396 inter·

407 4424 473 4487 dici
499 4445 562 4490 non
590 4424 711 4507 possint
738 4442 796 4507 per
823 4424 945 4487 litteras
973 4422 1165 4506 apostolicas
1192 4441 1255 4487 non
1283 4422 1438 4488 facientes
1459 4424 1585 4508 plenam
1605 4430 1638 4487 et
1657 4441 1710 4486 ex·

409 4534 550 4601 pressam
582 4534 620 4579 ac
641 4513 681 4578 de
707 4512 804 4579 verbo
831 4512 873 4577 ad
899 4512 1027 4578 verbum
1054 4511 1094 4577 de
1123 4510 1245 4578 indulto
1270 4510 1449 4577 huiusmodi
1468 4515 1657 4579 mentionem
1678 4518 1712 4575 61
