4459 5167
856 376 902 429 Nr.
918 377 943 429 8.
961 380 985 429 a.
1004 394 1029 430 a
1054 378 1128 431 1219.
1154 378 1229 431 lano.
1680 376 1697 427 9

391 524 500 603 tineri,
526 546 583 589 nos
608 526 723 589 restria
744 524 891 608 precibus
913 524 1055 591 ioeliuati
1076 524 1290 591 venditionem
1315 527 1415 608 ipsam
1443 533 1475 590 et
1496 523 1695 587 mirationem

392 613 564 677 abeodem
595 614 745 697 episeopo
778 615 915 684 tactam,
952 616 1034 679 sieut
1061 616 1130 681 sine
1159 614 1318 699 pravitate
1346 614 1478 699 provide
1506 612 1588 676 lacte
1615 620 1696 691 sunt,

390 702 578 765 auctoritate
612 703 789 785 apostoliea
821 702 1041 769 confirmamus
1073 714 1105 769 et
1138 705 1329 788 precipimus
1358 702 1489 768 firmiter
1523 702 1694 770 observari.

391 789 478 853 Nulli
500 810 576 871 ergo
597 792 724 856 omniuo
746 792 905 856 bominum
927 792 1024 857 liceat
1044 793 1126 856 bano
1148 793 1298 875 paginam
1325 800 1430 856 nostre
1451 790 1696 855 confirmationis

391 886 421 941 et
441 878 592 943 iussionis
613 880 786 963 iufringere
805 881 857 943 vel
884 880 913 945 ei
941 900 1020 945 ausu
1041 882 1208 946 temerario
1237 880 1401 945 contraire.
1444 881 1479 943 si
1500 880 1571 961 quis
1591 886 1695 943 autem

391 967 449 1032 boc
467 976 659 1052 attemptare
686 970 926 1052 presumpserit,
951 969 1203 1052 indignationem
1231 970 1458 1052 omnipotentis
1484 968 1537 1031 dei
1566 976 1597 1031 et
1624 967 1695 1030 bea-

390 1064 488 1120 torum
512 1057 597 1122 Petri
619 1068 651 1122 et
670 1058 772 1137 Pauli,
790 1059 1003 1141 apostolorum
1026 1060 1105 1138 eius,
1129 1078 1163 1124 se
1184 1058 1307 1123 noverit
1329 1058 1533 1121 incursurum.

466 1145 587 1211 Datum
608 1150 694 1230 apud
714 1148 970 1215 Urbemretereru
981 1148 1038 1213 111.
1061 1147 1132 1213 idus
1154 1147 1243 1227 Iulii,
1271 1146 1471 1231 pontificatus
1493 1146 1590 1211 nostri
1613 1164 1697 1211 auno

391 1242 509 1315 quarto.

464 1352 571 1405 t'recbr.
592 1353 780 1407 rrra'tBler'bulle
796 1372 834 1407 nn
851 1355 922 1409 rotb-
938 1354 997 1407 und
1012 1355 1189 1424 pelbseiderwn
1201 1352 1303 1407 l‘iirlerr.
1314 1353 1354 1405 W.
1386 1352 1557 1407 l'orrlrrser'tc:
1578 1350 1693 1406 llONO*

391 1439 470 1493 rurs
485 1449 489 1494 ι
513 1460 519 1472 ·
542 1426 602 1493 1⁵”r
623 1441 692 1493 ·nr.
730 1440 843 1495 noem.-
861 1442 998 1508 sussen,
1016 1442 1158 1511 sonmo
1174 1441 1221 1495 aa
1237 1440 1346 1509 separor
1363 1442 1392 1494 m
1405 1440 1593 1509 norror-up„
1611 1437 1697 1491 mom

390 1511 433 1561 eia
450 1510 597 1579 ldaplr'eboe
614 1511 714 1576 Kreas,
736 1514 852 1567 roureiber
868 1514 913 1566 eia
931 1537 943 1559 ο
961 1552 969 1579 ,
987 1519 1116 1582 petrem.

392 1745 504 1830 1220.
530 1748 713 1830 Jaunur.
766 1727 986 1847 {lagenam
1657 1745 1696 1825 t).

490 1882 601 1962 Kdnip
622 1882 788 1946 Friedrich
809 1882 854 1947 ΙΙ.
876 1883 1017 1963 certatim
1037 1883 1144 1963 obiperr
1164 1881 1304 1963 Verberat
1325 1882 1394 1945 rrrrrl
1414 1880 1537 1944 scborrlrt
1560 1880 1698 1943 iiberdles

367 2038 371 2042 ,
489 1980 553 2043 deu
573 1980 792 2061 Kdnipsboarr,
816 1980 945 2045 meldram
965 1981 1025 2043 dos
1047 1978 1144 2043 Reiclr
1167 1980 1200 2043 r'rr
1219 1980 1307 2060 jerrer
1328 1978 1502 2059 Besitarrrrp
1520 1979 1611 2041 butte.

468 2097 504 2161 C.
526 2096 565 2159 lu
586 2096 711 2160 nornine
733 2106 843 2161 sancte
864 2106 897 2161 et
916 2095 1082 2161 individue
1106 2096 1274 2177 trinitatis,
1300 2095 1400 2179 patris
1421 2102 1452 2159 et
1472 2092 1528 2157 filii
1553 2102 1585 2158 et
1606 2094 1697 2177 spiri-

391 2192 440 2249 tns
458 2184 564 2249 saneti
584 2204 686 2248 amen.
702 2186 715 2265 ΙΙ

469 2273 654 2337 Friderious
673 2275 686 2354 ll
706 2274 863 2339 secundus
895 2274 1008 2339 diviua
1039 2276 1167 2340 favente
1201 2274 1369 2339 clementia
1400 2272 1610 2338 Romanorum
1643 2294 1699 2339 rex

392 2383 516 2447 semper
537 2371 691 2444 augustus
713 2372 745 2429 et
766 2384 821 2428 rex
844 2364 961 2431 Sicilie.
1010 2365 1053 2431 Ut
1079 2384 1137 2449 pro
1157 2364 1275 2447 gratia,
1302 2382 1397 2445 qnam
1424 2381 1477 2427 rex
1504 2382 1612 2445 regum
1634 2364 1699 2429 suis

391 2451 539 2517 fidelibus
560 2451 803 2517 misericorditer
823 2454 985 2535 elargitur,
1005 2454 1077 2538 plus
1097 2452 1204 2518 devoti
1220 2471 1311 2535 reges
1332 2458 1365 2515 et
1384 2452 1546 2537 principes
1569 2454 1699 2518 videan-

391 2551 448 2616 tur,
469 2549 502 2605 et
520 2540 719 2623 vigilandum
741 2549 790 2606 est
810 2542 858 2607 eis
886 2549 918 2607 et
945 2543 1020 2607 totis
1046 2540 1162 2607 studiis
1183 2538 1425 2621 intendendum,
1457 2548 1490 2605 ut
1520 2543 1551 2605 in
1573 2542 1699 2624 quibus-

393 2650 517 2713 cunque
538 2638 680 2714 possunt,
702 2630 916 2696 munificentie
935 2631 1037 2695 divini
1060 2630 1206 2695 culminis
1234 2630 1455 2711 obsequantur.
1497 2631 1613 2697 Notum
1644 2633 1700 2695 ita-

391 2739 450 2801 que
471 2720 607 2784 lauimus
627 2720 796 2799 universis,
823 2719 906 2800 quod
928 2739 985 2783 nos
1005 2720 1206 2785 attendentes
1231 2718 1380 2783 devotam
1406 2719 1589 2801 religionem
1612 2739 1701 2785 sacre

392 2808 502 2873 domus
523 2807 690 2891 hospitalis
710 2815 820 2873 sancte
832 2808 932 2873 Marie
949 2808 1225 2887 Theotonioorum,
1246 2826 1302 2891 pro
1325 2808 1427 2872 salute
1448 2827 1571 2891 quoqne
1592 2814 1701 2873 nostra

391 2908 421 2961 et
441 2897 583 2962 remedio
600 2897 777 2961 animarum
789 2898 929 2962 fidelium
946 2904 1149 2981 augustorum
1167 2905 1330 2979 parentum
1347 2903 1521 2961 nostrorum
1539 2896 1700 2961 reddendo

392 2986 541 3050 memorie
553 2984 764 3064 traditionem,
786 3006 881 3068 quam
892 2987 1170 3068 Babenbergeusis
1184 2986 1353 3069 episcopus
1374 2986 1414 3049 de
1435 2986 1514 3049 villa
1524 2986 1654 3067 Langen
1669 2994 1701 3050 et
1772 3030 1773 3035 κ

392 3074 593 3157 pertiuentiis
616 3074 716 3157 ipsius
730 3076 805 3140 ville
821 3077 896 3140 feeit
917 3076 1005 3140 fratri
1018 3076 1210 3155 Hermanno,
1232 3076 1383 3158 magistro
1404 3074 1570 3159 hospitalis
1592 3082 1700 3139 sancte

392 3164 492 3229 liaris
518 3163 782 3228 Theotonicorum
810 3164 1076 3245 lerosolimitano,
1108 3165 1248 3247 presenti
1276 3162 1445 3247 privilegio
1472 3162 1700 3237 confirmamus,

393 3256 531 3319 tenorem
552 3253 713 3336 privilegii
737 3253 878 3337 episcopi
901 3253 1076 3336 supradicti
1097 3253 1172 3317 huic
1192 3259 1298 3317 nostra
1326 3252 1495 3336 privilegio
1516 3254 1700 3319 inserentes.

392 3342 605 3407 Eoobebertas
624 3362 655 3403 a.
677 3363 700 3406 s.
720 3346 744 3421 t.
766 3378 806 3387 —
831 3340 924 3422 Folpt
943 3342 995 3404 die
1020 3340 1093 3405 oro.
1118 3340 1177 3403 Nr.
1196 3345 1224 3403 7.
1267 3338 1330 3403 Die
1351 3338 1621 3421 Zeitbestr'mrnrrnp
1648 3362 1700 3403 om

395 3430 521 3494 Sclrlass
553 3430 666 3494 berta:
705 3435 786 3495 Aeta
818 3438 892 3495 snut
922 3430 981 3495 bec
1009 3431 1210 3514 pontificatus
1238 3431 1337 3495 nostri
1362 3448 1447 3492 auno
1478 3430 1700 3495 sextodecimo.

393 3520 540 3585 Pteterea
569 3520 733 3585 donationi
758 3521 982 3584 eauouioomm
1009 3521 1110 3584 sancti
1133 3519 1241 3583 laoobi
1271 3530 1303 3583 et
1331 3517 1561 3583 confirmationi
1587 3540 1701 3584 memo-

393 3609 452 3672 rati
479 3610 623 3693 episcopi
650 3610 830 3691 benigniter
856 3616 1032 3674 annuentes
1060 3617 1092 3672 et
1118 3608 1236 3690 regalis
1274 3606 1485 3671 munificentie
1513 3607 1700 3673 beneficium

395 3698 571 3763 adicientes
589 3698 701 3763 damus
721 3706 754 3761 et
775 3705 926 3781 perpetuo
947 3696 1167 3761 confirmamus
1187 3696 1292 3761 domui
1313 3695 1460 3778 hospitali
1483 3697 1702 3761 saucteblarie

394 3786 635 3853 Teotouieomm
655 3788 795 3870 regalem
824 3789 962 3851 bannum
986 3796 1140 3865 nostrum,
1168 3805 1259 3867 quem
1281 3786 1313 3847 iu
1336 3784 1526 3869 supradietis
1549 3786 1640 3851 bonis
1660 3786 1701 3851 de

396 3875 526 3957 Langen
553 3876 705 3942 hactenns
736 3877 899 3958 imperium
925 3876 1038 3941 babuit
1071 3884 1103 3939 et
1136 3894 1193 3939 uos
1222 3875 1280 3938 risi
1312 3894 1417 3939 sumus
1444 3874 1601 3940 babuisse.
1651 3874 1702 3939 Ad

397 3964 487 4028 buius
508 3972 613 4028 autem
639 3973 745 4031 nostre
771 3964 1019 4031 confirmationis
1045 3973 1076 4029 et
1102 3964 1283 4029 donationis
1311 3971 1495 4048 perpetuam
1523 3962 1702 4029 firmitatem

397 4074 524 4135 presens
546 4056 747 4139 privilegium
770 4054 844 4118 inde
864 4056 931 4118 lieri
953 4054 1084 4118 lecimus
1105 4054 1212 4135 sigillo
1236 4060 1340 4115 nostre
1358 4052 1555 4116 celsitudinis
1577 4055 1701 4117 robora-

396 4151 468 4207 tum.
519 4144 620 4207 Huius
650 4146 695 4209 rei
721 4151 818 4209 testes
850 4153 934 4209 sunt:
969 4144 1169 4212 Hermaunns
1204 4142 1344 4205 marobio
1373 4141 1412 4205 de
1441 4143 1564 4216 Badeo,
1598 4163 1702 4207 eomes

397 4232 539 4296 Sibertus
559 4232 600 4296 de
617 4233 749 4313 Werda,
777 4254 881 4299 eomes
906 4234 1074 4298 Heinrieus
1100 4233 1183 4297 lilius
1209 4232 1294 4309 eiua,
1321 4232 1487 4297 Criuradus
1516 4232 1703 4313 burgravius

397 4321 435 4383 de
457 4322 650 4401 Ndrenberc,
671 4323 847 4388 Gerlachns
867 4324 908 4388 de
931 4323 1099 4404 Birtiugeu,
1121 4322 1297 4385 Raiualdus
1321 4320 1384 4384 dux
1396 4322 1528 4405 Spoleti,
1551 4322 1703 4387 erdoll'us

399 4409 570 4475 advocatus
594 4410 635 4476 de
663 4412 941 4496 Rapebtiswilarl,
975 4411 1143 4475 Heinrious
1175 4411 1327 4492 magister
1358 4412 1492 4490 oonrrine
1524 4409 1565 4475 de
1590 4411 1703 4475 Ruten-

399 4498 481 4579 bnre,
501 4498 653 4565 Rbdollirs
673 4500 714 4566 de
736 4502 943 4582 Husinberc,²
965 4501 1051 4566 Gono
1074 4500 1114 4564 de
1135 4498 1271 4581 Tuili'cn,
1293 4505 1323 4563 ct
1346 4498 1401 4563 alii
1424 4500 1634 4583 quamplures.
