4459 5167
529 373 562 423 til
913 366 1306 423 berrrohcmens-(nmmendc
1326 369 1451 437 Langeln.

609 518 726 581 Datum
763 515 978 599 Magdeburg,
1016 535 1100 580 anno
1137 517 1257 581 domini
1291 516 1569 597 hl⁰.CC.⁰XC⁰Vl⁰,
1605 518 1638 580 in
1669 516 1723 582 die
1755 519 1844 583 beati

528 608 674 673 Maurieii
697 606 836 671 martiris
855 606 995 687 gloriosi.

607 724 762 778 t'roctru
783 723 834 775 orit
851 722 919 784 «tm,
938 724 1035 787 (ηι172
1048 722 1105 787 Tus.
1127 722 1178 775 ΝΥ.
1192 721 1221 773 Χ
1238 722 1422 789 (tbpclnidcten,
1442 724 1697 791 srapnrenmmcten
1711 724 1796 793 Siepel
1806 744 1844 777 cerr

529 794 805 863 icroumerttstrciscn.

529 988 567 1071 2.
595 986 743 1068 llitlite
769 985 846 1068 des
875 985 934 1065 13.
961 984 1034 1066 Jh.
1776 986 1841 1068 47.

630 1122 748 1199 Ernst²
783 1123 870 1202 Gra!
905 1142 947 1185 aa
980 1120 1143 1195 Gtcichem
1177 1118 1318 1198 bustiitipt
1348 1119 1408 1181 dent
1443 1139 1498 1181 ron
1531 1121 1645 1182 acinam
1678 1121 1845 1202 &brcoper

632 1220 720 1301 (Jrut
744 1219 898 1283 Haterius
932 1238 989 1280 ron
1021 1217 1250 1296 Blanlecnborp
1279 1216 1482 1294 peseltcboteo
1512 1216 1658 1300 Vcrlnuf
1683 1239 1741 1281 eon
1777 1221 1845 1282 rier

631 1316 744 1397 Hersen
764 1338 808 1379 (to
829 1317 880 1378 die
898 1315 1029 1377 Briidcr
1050 1335 1107 1376 ron
1130 1313 1280 1393 Lunpelo.

610 1432 676 1497 Nos
696 1452 802 1496 comes
823 1432 975 1495 Ernestus
1005 1430 1045 1493 de
1067 1429 1210 1512 Glycben
1240 1437 1346 1493 notum
1376 1449 1445 1493 esse
1471 1430 1615 1495 volumus
1641 1434 1845 1515 presentibus

527 1529 560 1587 et
579 1522 703 1599 littoris,
723 1520 808 1601 quod
829 1519 1045 1585 venditionem
1060 1525 1194 1599 quatuor
1206 1536 1384 1581 mansorum
1400 1519 1603 1600 proprietatis
1624 1540 1680 1603 per
1690 1523 1843 1587 dilectum

528 1628 670 1676 socerum
695 1617 835 1673 nostrum
868 1608 1008 1671 nobilem
1034 1608 1136 1669 virum
1168 1606 1313 1670 eomitem
1343 1605 1513 1669 Heorioum
1545 1606 1585 1671 de
1610 1608 1844 1693 Blankenburg

527 1700 679 1765 tratribus
699 1698 740 1763 de
758 1698 900 1779 Langele
924 1698 1041 1761 iactam
1063 1696 1189 1758 nomine
1211 1694 1359 1759 heredum
1382 1694 1515 1775 predicti
1537 1696 1696 1781 H(em·iei)
1718 1702 1844 1764 comitis

529 1797 631 1853 ratam
652 1793 684 1852 et
704 1786 825 1850 firmam
846 1782 965 1849 habere
989 1784 1134 1848 volumus
1160 1792 1191 1847 et
1218 1783 1311 1847 robur
1331 1783 1472 1847 obtinere
1501 1793 1651 1867 perpetue
1671 1788 1842 1853 firmitatis.

530 1877 571 1940 llt
601 1883 637 1941 ut
662 1875 816 1958 predictis
842 1873 994 1937 tratribus
1025 1871 1066 1935 de
1092 1871 1233 1951 Langele
1265 1870 1323 1935 hee
1356 1871 1498 1935 venditio
1530 1876 1734 1957 proprietatis
1762 1878 1842 1942 dicti

530 1964 686 2047 H(eorici)
711 1964 836 2027 comitis
857 1960 1088 2041 irrefragabilis
1109 1967 1290 2043 perseveret
1318 1979 1375 2025 nee
1401 1960 1442 2024 ab
1465 1960 1633 2028 heredibus
1659 1965 1725 2030 suis
1746 1986 1843 2050 super

527 2075 567 2121 ea
589 2052 765 2135 perturbari
788 2052 917 2115 valeant
940 2050 973 2111 iu
994 2050 1141 2127 futurum,
1164 2056 1340 2131 presentem
1362 2049 1512 2132 paginam
1533 2050 1607 2115 inde
1628 2054 1842 2137 conscriptam

529 2151 561 2208 et
581 2141 681 2223 sigilli
708 2139 805 2204 nostri
833 2136 944 2202 robore
970 2136 1193 2202 communitam
1223 2136 1254 2201 in
1282 2137 1495 2202 testimonium
1522 2139 1662 2205 validum
1692 2142 1843 2208 duximus

527 2228 722 2312 erogandam
744 2226 895 2291 fratribus
917 2225 1119 2309 supradietis.
1285 2228 1289 2235 '

534 2418 586 2486 Tt
604 2344 832 2469 [prpebpvwbgnit
848 2344 1085 2396 brrwlrotriclrrociee
1101 2344 1261 2397 antecellentem
1280 2344 1363 2413 Sieycl
1380 2362 1418 2397 oo
1436 2343 1710 2413 Perpumortstrec'lca.
1753 2348 1839 2418 Vcrpl.

554 2437 594 2472 a.
661 2456 669 2481 ,
719 2432 741 2468 r.
797 2456 802 2466 .

528 2608 643 2691 1302.
671 2607 836 2703 surgun
851 2605 891 2685 4.
1770 2614 1838 2694 ts.

634 2739 706 2803 Das
725 2739 1046 2821 Junptraoeottoster
1064 2760 1106 2803 aa
1119 2740 1346 2822 Blunlrcobury
1363 2742 1538 2821 illnocipnet
1551 2744 1608 2805 orit
1620 2743 1842 2827 Zrtstinumoty

630 2836 769 2917 Biselmf
784 2838 967 2898 Hermerotis
993 2856 1035 2901 au
1055 2836 1259 2901 Itotocrstout
1282 2859 1376 2919 pcpcn
1403 2844 1423 2901 4
1449 2858 1515 2901 corn
1538 2839 1662 2921 Grusen
1684 2842 1839 2908 Heinrich

630 2954 689 2997 oon
716 2933 944 3014 Bluoheulmrp
976 2932 1041 2996 niem
1075 2936 1222 3014 pepebeoc
1245 2936 1358 3016 Hersen
1389 2956 1430 2999 etc
1458 2936 1606 3017 Erystcdt
1638 2940 1706 3002 dem
1734 2940 1839 3005 Edeta

631 3030 806 3093 Burelmrd
826 3050 885 3093 oon
896 3030 1009 3111 Burby
1029 3050 1061 3094 tt.
1083 3032 1250 3096 Gcmohlin
1272 3036 1337 3095 ciet*
1355 3032 1465 3114 Hectora
1484 3036 1544 3114 uos
1566 3035 1721 3099 dersclbeo
1744 3038 1839 3102 Fem-

627 3127 727 3190 otarh.

605 3245 642 3308 In
664 3245 791 3309 nomine
811 3253 922 3310 sancte
943 3253 974 3310 et
994 3245 1160 3311 individue
1182 3246 1341 3310 trinitatis.
1357 3246 1370 3325 lt
1404 3245 1488 3309 Iutta
1503 3246 1705 3311 miseratione
1727 3249 1839 3314 divina

526 3334 702 3410 abbatissa,
724 3333 872 3398 Albertus
894 3336 1072 3418 prepositus
1093 3342 1237 3416 totusque
1259 3342 1431 3398 conventus
1451 3335 1583 3398 ecclesie
1615 3338 1840 3403 sanctimonia-

527 3424 604 3503 lium
628 3422 660 3485 io
682 3421 926 3487 blankenburch
947 3423 1094 3497 omnibus
1114 3422 1231 3487 Christi
1255 3422 1401 3485 fidelibus
1422 3430 1598 3504 presentem
1620 3426 1772 3506 paginam
1794 3429 1842 3491 in-

525 3509 682 3594 speeturis
708 3510 842 3573 salutem
872 3512 903 3575 in
935 3511 1000 3574 filio
1026 3511 1166 3590 Virginis
1193 3511 1336 3591 gloriose.
1394 3510 1443 3573 Ne
1471 3529 1509 3572 ea
1536 3530 1597 3592 que
1624 3522 1777 3593 genrntm·
1805 3520 1839 3581 in

528 3609 680 3683 tempore,
703 3598 796 3662 simul
819 3599 966 3664 labantur
986 3620 1056 3665 cum
1079 3602 1170 3682 lapsu
1198 3600 1362 3680 temporis,
1390 3599 1518 3680 expredit
1547 3620 1586 3663 ea
1613 3602 1839 3686 seripturarum

528 3686 720 3753 testimoniis
746 3687 906 3751 illustrari.
957 3689 1115 3753 Noverint
1149 3689 1244 3768 igitur
1276 3687 1414 3749 universi
1445 3690 1601 3769 presentis
1629 3693 1781 3774 temporis
1810 3707 1842 3759 et

526 3777 641 3857 futuri,
661 3774 744 3857 quod
775 3797 832 3842 uos
859 3776 966 3842 habito
988 3796 1142 3842 consensu
1164 3783 1196 3839 et
1217 3776 1300 3838 bona
1321 3776 1481 3839 voluntate
1503 3779 1667 3842 reverendi
1689 3783 1789 3862 patris
1811 3792 1842 3847 et

526 3866 646 3929 domini
669 3866 767 3929 nostn'
789 3865 980 3946 Hermetem,
1004 3864 1284 3930 llalberstadensis
1310 3864 1442 3928 ecclesie
1471 3866 1622 3948 episcopi,
1652 3878 1684 3931 et
1705 3869 1840 3936 aliorum

528 3954 726 4019 dominomm
753 3974 874 4019 necnon
901 3955 1072 4019 amicorum
1100 3952 1246 4028 consilio,
1278 3952 1413 4033 receptis
1442 3953 1663 4018 nichilominus
1691 3975 1711 4018 a
1739 3960 1841 4024 nobili

523 4045 592 4107 viro
613 4042 743 4108 domino
764 4044 895 4108 Himico
917 4045 1031 4109 comite
1052 4043 1085 4104 in
1108 4038 1349 4103 Blankenborcb
1381 4048 1412 4103 et
1438 4062 1458 4104 a
1484 4043 1548 4105 suis
1572 4042 1741 4109 heredibus
1762 4067 1836 4129 quta-

524 4142 595 4198 tuor
615 4134 735 4198 mansis
758 4135 828 4199 sitis
858 4135 889 4199 in
920 4150 1032 4213 campo
1053 4128 1241 4207 Ercbstede,
1268 4128 1456 4193 donavimus
1484 4130 1583 4193 nobili
1614 4132 1682 4194 viro
1708 4132 1839 4201 domino

525 4222 708 4288 Borebardo
729 4224 771 4287 de
792 4222 958 4304 Bareboye
986 4227 1018 4284 et
1045 4218 1144 4282 nobili
1172 4216 1299 4279 domiue
1321 4217 1481 4281 Clemente
1508 4219 1597 4283 uxori
1626 4237 1683 4284 sue
1704 4231 1840 4302 quatuor

522 4330 650 4375 mansos
671 4312 703 4377 in
731 4312 876 4395 predicto
898 4329 1011 4392 eampo
1032 4304 1208 4370 Erebstede
1235 4306 1313 4368 sitos
1334 4325 1403 4369 eum
1430 4307 1513 4369 omni
1542 4308 1609 4373 iure
1632 4316 1664 4371 et
1689 4311 1840 4395 utilitate,

524 4401 650 4482 quoad
672 4420 730 4464 nos
753 4408 784 4465 et
810 4406 950 4463 nostram
977 4394 1180 4479 pertinebant
1210 4393 1390 4465 ecclesium,
1419 4394 1501 4455 iusto
1522 4397 1726 4479 proprietatis
1746 4402 1841 4466 titulo

520 4495 672 4572 perpetuo
699 4487 930 4571 possidendos,
966 4486 1126 4547 mittentes
1156 4482 1390 4563 prenominatos
1415 4482 1575 4546 dominum
1601 4483 1641 4547 de
1670 4486 1839 4573 llareboye
