4459 5167
503 343 553 395 102
814 342 978 410 Augustiner
997 340 1250 395 Eirrsicdlorklostcr
1268 337 1496 406 llimmclplortcn.

501 589 524 651 S
569 498 719 651 t&appell
742 497 996 574 lilankenborch
1018 517 1103 563 anno
1125 500 1233 579 gracie
1253 493 1492 574 uocerhvlssr,
1515 497 1626 574 quarto
1648 491 1804 558 kalendas

526 607 566 670 cp
581 606 629 652 ern
655 606 690 649 n.

506 688 910 825 qsiiffir'vmi‘ggsmm'
932 692 1028 760 polirem
1047 690 1223 759 ll‘irclrssicpel
1245 706 1283 742 arr
1304 686 1570 757 Pcrpunveotstrciscn
1591 684 1680 739 Wcrn.
1723 685 1806 754 Verql.

526 777 563 812 a.
654 775 734 823 ,ra
789 799 795 811 .

576 837 603 898 1)
622 836 676 891 Die
692 836 824 891 Hdscbm
841 837 920 892 Data

528 958 572 1009 ‘2'

504 958 741 1153 ΙΝιῦ8οῑῖοίναιί,
772 1075 903 1155 liiscirof
923 1095 981 1138 ocra
1007 1075 1225 1153 Hulberstcdl,
1253 1075 1474 1156 oordffentlirbl
1502 1073 1569 1138 eino
1590 1075 1686 1139 Belle
1708 961 1807 1155 Rapidi

606 1172 803 1236 Alorundcrs
819 1178 840 1255 (
837 1172 1010 1250 aemma)
1022 1173 1042 1234 1
1047 1173 1081 1248 V,
1103 1174 1212 1236 roclclro
1232 1174 1282 1238 dic
1293 1173 1521 1253 Bclriralerunp
1531 1173 1586 1236 der
1598 1173 1808 1254 Aruprrstiner-

603 1269 939 1350 (Einsiallcrjbrtidcr
951 1270 997 1333 bei
1009 1270 1099 1333 ibren
1112 1270 1222 1334 uiuos
1237 1292 1291 1334 arri
1304 1271 1396 1334 rnaldo
1407 1269 1650 1352 errocrnlunpon
1661 1271 1808 1334 uerbictot.

585 1369 753 1451 lVolradus
774 1371 838 1450 dell
859 1373 965 1454 gratia
976 1372 1254 1438 halberstadensis
1275 1374 1442 1456 episcopus
1463 1371 1620 1438 universis
1640 1373 1808 1456 episcopis,

505 1461 687 1543 prepositis,
713 1461 857 1543 decanis,
883 1461 1041 1544 prioribus
1067 1468 1098 1526 et
1119 1462 1191 1526 aliis
1212 1462 1417 1527 ecclesiarum
1446 1462 1621 1525 rectoribus
1648 1468 1809 1544 presentes

505 1550 628 1613 litteras
660 1550 849 1633 inspecturis
882 1547 1048 1636 [saluteml.
1107 1552 1268 1616 Noveritis
1301 1572 1359 1616 nos
1393 1549 1451 1614 sub
1483 1551 1675 1614 sanctissimi
1709 1551 1809 1635 patris

505 1639 602 1701 nostri
624 1638 797 1703 Alexandri
818 1658 902 1722 pape
919 1639 991 1703 llll.
1013 1639 1106 1704 bullis
1128 1640 1323 1704 inconcussis
1344 1645 1376 1704 et
1402 1640 1595 1704 inconvulsis
1617 1645 1648 1702 et
1670 1638 1809 1704 inconta-

506 1727 635 1791 minatis
656 1728 775 1792 vidisso
795 1729 918 1793 litteras
941 1727 998 1793 has
1019 1729 1135 1792 tbrmas
1158 1725 1391 1814 [continentes]:
1556 1805 1562 1810 ι

647 1813 817 1901 [Cllemens
837 1817 1134 1902 episcopusservus
1155 1837 1314 1884 sorvorum
1330 1818 1383 1881 dei
1404 1816 1639 1880 venerabilibus
1660 1815 1809 1880 iratribus

606 1906 855 1988 archiepiscopis
879 1913 911 1970 et
935 1906 1094 1988 episcopis
1122 1915 1153 1971 ct
1179 1907 1305 1972 dilectis
1328 1907 1401 1970 tiliis
1428 1905 1614 1983 abbatibus,
1644 1903 1809 1986 prioribus,

606 1992 754 2072 decanis,
782 1992 1015 2059 archidiaconis
1040 2033 1079 2040 -
1098 2032 1140 2040 —
1159 2032 1199 2041 —
1228 1995 1432 2060 ecclesiarum
1458 1993 1603 2077 prelatis,
1639 1992 1810 2056 rectoribus

611 2102 743 2164 quoque,
764 2083 886 2148 clericis
906 2104 944 2147 ac
963 2085 1108 2167 personis
1120 2085 1355 2165 ecclesiasticis,
1376 2084 1418 2148 ad
1439 2103 1518 2166 quos
1536 2081 1638 2145 littere
1650 2086 1810 2162 presentes

607 2171 818 2252 pervenerint,
839 2170 971 2235 salutem
992 2179 1024 2235 et
1044 2173 1251 2255 apostolicam
1274 2173 1546 2250 [benedictionem]
1568 2205 1603 2214 -
1626 2205 1665 2213 -
1687 2205 1725 2214 ω
1746 2175 1810 2232 tam

607 2257 694 2341 apud
720 2259 862 2324 homines
890 2280 1013 2342 quoque
1038 2262 1232 2326 laudabilem
1266 2283 1304 2325 ao
1334 2270 1438 2326 vostro
1466 2262 1563 2326 etiam
1588 2265 1809 2338 congruentem

606 2346 709 2410 ollioio
730 2350 877 2428 ageretis,
899 2350 926 2414 si
946 2351 1062 2415 Christi
1088 2371 1244 2435 pauperes
1266 2352 1298 2416 in
1320 2387 1360 2396 -
1380 2388 1419 2396 -
1441 2387 1480 2395 ——
1502 2349 1580 2413 ratis
1593 2348 1811 2411 sustentaretis

536 2451 539 2454 ’
608 2434 769 2500 favoribus
790 2457 828 2502 ac
850 2439 881 2502 in
904 2441 1046 2505 caritatis
1066 2441 1193 2507 vinculo
1220 2440 1378 2504 loverctis.
1420 2441 1476 2503 Set
1496 2439 1577 2502 sicut
1598 2437 1811 2501 intelleximus

607 2525 706 2606 aliqui
728 2533 864 2590 vestrum
886 2563 924 2573 -
944 2565 983 2575 —
1003 2566 1038 2574 -
1060 2530 1163 2594 sancti
1184 2529 1369 2610 Augustini,
1392 2528 1446 2610 qui
1467 2546 1524 2610 pro
1544 2527 1671 2592 nomine
1692 2524 1809 2590 domini

607 2622 794 2697 paupertate
815 2623 963 2699 suscepta
983 2617 1163 2682 voluntaria
1184 2618 1245 2700 ipsi
1268 2617 1395 2682 domino
1414 2617 1620 2681 decreverunt
1631 2614 1812 2696 specialiter

491 2750 494 2755 >
614 2738 648 2746 -
669 2739 708 2746 -
729 2739 768 2747 —
791 2703 819 2767 is
843 2705 925 2769 clero
946 2725 985 2768 ac
1010 2707 1128 2790 populo
1153 2707 1210 2770 sub
1237 2705 1573 2770 excommunicationis
1600 2711 1632 2767 et
1653 2702 1811 2767 interdicti

609 2791 701 2872 penis
722 2791 880 2858 interdum
902 2815 957 2877 pro
979 2794 1069 2860 libito
1091 2795 1280 2878 prohibetis,
1307 2815 1348 2859 ne
1376 2795 1446 2876 quis
1472 2813 1578 2858 eorum
1600 2791 1632 2856 in
1654 2827 1693 2838 -
1714 2827 1753 2837 -
1772 2827 1813 2837 —

610 2881 721 2960 quevis
747 2881 901 2946 beneficia
931 2883 982 2948 vel
1006 2885 1176 2948 caritativa
1201 2883 1346 2948 subsidia
1376 2883 1526 2947 exhibere
1554 2885 1714 2966 presumat
1741 2879 1812 2945 sub-

607 2967 691 3032 ditos
722 2970 861 3052 prelatos
894 2972 937 3034 ad
971 2972 1162 3037 servandum
1196 2972 1440 3054 prohibitionem
1469 3007 1505 3017 -
1536 3005 1571 3015 -
1598 3006 1638 3014 -
1664 2970 1812 3034 eticorum

608 3057 1082 3143 nichilominuscompellentes.
1125 3061 1174 3124 Ex
1199 3060 1313 3142 quibus
1336 3061 1486 3125 iratribus
1514 3058 1593 3143 ipsis
1614 3057 1812 3122 intolerabile

609 3145 751 3210 imminet
764 3146 974 3231 dispendium.
1016 3149 1202 3214 Deuseuins
1227 3187 1262 3193 ——-
1284 3183 1325 3195 -
1345 3186 1380 3194 -
1405 3169 1439 3212 cs
1461 3169 1499 3212 ac
1519 3147 1623 3212 devoti
1646 3144 1813 3209 offenditur

608 3241 639 3297 et
659 3234 807 3299 salutaris
828 3237 1003 3300 animarum
1015 3237 1209 3301 subditorum
1223 3237 1392 3302 eorundem
1406 3238 1572 3320 prol'cctus,
1594 3254 1671 3315 quos
1687 3253 1705 3295 a
1722 3233 1813 3298 bonis

606 3323 763 3388 t'aciendis
785 3325 932 3406 operibus
954 3345 1015 3389 non
1037 3363 1076 3370 ·-
1097 3361 1135 3371 —
1158 3363 1206 3405 -,
1227 3327 1283 3390 sed
1305 3325 1348 3390 ad
1369 3326 1426 3389 illa
1446 3323 1634 3406 exequenda
1656 3321 1814 3386 deberetis

608 3413 749 3476 excitare
769 3414 878 3494 pocius
899 3413 1077 3496 impeditur.
1124 3416 1207 3492 Quia
1235 3416 1333 3497 igitur
1356 3415 1413 3478 hcc
1434 3411 1695 3479 inconveniencia
1715 3419 1747 3474 et
1766 3411 1813 3474 in-

609 3499 743 3564 honesta
762 3501 889 3582 penitus
910 3508 982 3566 sunt
1002 3502 1163 3568 censenda
1192 3509 1283 3568 etex
1308 3503 1460 3568 fermento
1488 3500 1661 3584 impietatis
1687 3498 1814 3582 prodire

609 3587 770 3665 videntur,
804 3589 938 3655 tolerare
963 3611 1025 3656 non
1050 3591 1244 3657 intendimus
1269 3612 1329 3658 nec
1355 3592 1522 3670 debemus,
1551 3588 1642 3654 vobis
1668 3587 1814 3653 omnibus

609 3681 640 3739 et
661 3675 796 3756 singulis
817 3685 954 3741 vestrum
976 3699 1015 3744 ne
1043 3681 1123 3744 talia
1149 3682 1201 3745 vel
1223 3681 1284 3745 hiis
1312 3681 1431 3745 similia
1457 3681 1489 3743 in
1518 3681 1657 3761 ipsorum
1683 3678 1813 3742 fratrum

609 3763 818 3846 preiudiciunr
840 3766 880 3830 de
906 3774 1008 3832 cetero
1034 3767 1139 3835 lacere
1166 3771 1375 3854 attemptctis‚
1408 3770 1595 3833 auctoritate
1622 3767 1814 3850 presentium

610 3852 785 3916 districtius
806 3853 998 3936 inhibemus,
1021 3859 1257 3925 universitatem
1279 3867 1415 3923 vestram
1439 3864 1585 3940 rogantes
1607 3855 1762 3919 attencius
1783 3860 1815 3918 et

611 3939 774 4004 hortantes
793 3960 832 4006 ac
846 3943 938 4006 vohis
959 3965 1015 4026 per
1035 3947 1212 4029 apostolica
1232 3949 1352 4030 scripta
1372 3947 1595 4012 nichilominus
1610 3942 1815 4027 precipiendo

611 4028 815 4109 mandantes,
844 4031 992 4113 quatinus
1012 4033 1093 4097 hanc
1113 4043 1252 4099 nostram
1275 4035 1495 4100 inhibitionem
1517 4031 1741 4098 inviolabiliter
1761 4032 1814 4096 ob-

611 4123 775 4182 servantes
801 4138 821 4181 a
845 4119 1056 4201 predictorum
1083 4124 1213 4187 l'ratrum
1242 4125 1482 4206 gravaminibus
1509 4142 1547 4187 ao
1576 4121 1701 4186 iniuriis
1728 4120 1814 4185 inde-

615 4205 691 4269 bitis
720 4207 828 4270 taliter
857 4208 889 4270 in
910 4216 1068 4290 posterum
1100 4211 1279 4295 desistatis,
1314 4213 1397 4295 quod
1431 4213 1471 4276 de
1501 4216 1681 4294 contemptu
1711 4210 1815 4274 notari

611 4293 842 4358 rationabiliter
869 4315 930 4360 non
958 4298 1102 4378 possitis,
1134 4301 1275 4380 quinimo
1301 4301 1341 4365 de
1367 4299 1551 4365 obediencie
1572 4318 1611 4362 ac
1637 4298 1814 4363 devotionis

611 4381 860 4465 promptitudine
882 4385 1093 4450 commendari
1118 4390 1228 4452 merito
1250 4389 1404 4454 debeatis.

635 4469 955 4555 DatumViterbii,lIl
963 4473 1299 4554 kalendasFebruarii,
1306 4477 1506 4562 pontificatus
1514 4477 1611 4544 nostri
1619 4495 1701 4540 auno
1709 4475 1813 4540 tercio.

1030 911 1279 919 ——-—-
