4459 5167
530 296 585 354 290
784 296 1069 355 (balareieuserinneu
1089 296 1304 369 (florigerum)
1325 298 1433 357 Kloster
1444 298 1588 355 Waterler.

635 446 812 511 beraeam
831 466 899 511 uem
916 446 1044 511 Kloster
1067 448 1234 530 otaupen
1256 448 1368 514 Holace
1388 446 1575 513 Boebesterd
1595 447 1662 526 aas
1681 446 1755 509 dem
1778 445 1859 513 Sae-

636 545 707 627 bary
727 546 785 626 libr
806 547 829 607 8
849 544 951 609 Marte
971 545 1079 611 silbo.

613 660 651 725 ln
672 661 799 726 nomine
820 666 928 725 sancte
948 666 981 725 et
1001 660 1168 727 individue
1190 662 1350 727 trinitatis.
1392 662 1459 726 Nos
1481 659 1645 726 Conradus
1666 658 1721 723 dci
1742 660 1859 740 gratia

532 768 639 815 comes
666 750 700 814 in
722 747 953 831 Wemigrodhe
981 749 1128 814 omnibus
1157 751 1190 813 in
1218 756 1412 835 perpetuum.
1460 748 1510 813 Ne
1538 768 1591 829 ea,
1617 768 1678 830 que
1706 747 1794 812 fiunt
1822 750 1857 812 in

531 844 691 922 tempore,
712 838 753 902 ab
774 837 934 902 hominum
956 838 1115 903 memoriis
1137 839 1282 904 recidant
1303 859 1360 904 seu
1382 838 1541 917 labantur,
1563 840 1658 902 moris
1681 844 1748 917 est,
1778 838 1858 923 ipsa

533 927 635 993 solere
656 926 783 991 metium
810 946 850 991 ao
878 927 1102 1009 scripturarum
1124 927 1285 991 fulcimine
1312 926 1462 992 roborari.
1503 926 1682 1011 Eapropter
1708 928 1754 991 ad
1783 929 1856 991 uni-

531 1035 693 1081 versorum
729 1016 880 1080 devenire
911 1016 1061 1080 noticiam
1097 1017 1262 1098 cupientes
1293 1017 1494 1101 presentibus
1527 1018 1787 1099 recognoscimus
1823 1024 1858 1081 et

532 1104 660 1191 publice
692 1110 917 1189 protestamur,
949 1104 1033 1186 quod
1063 1106 1259 1188 prepositus,
1293 1106 1472 1186 abbatissa,
1511 1108 1664 1189 priorissa
1699 1113 1857 1189 totusque

532 1200 705 1260 conventus
733 1194 919 1259 ancillarum
948 1194 1066 1259 Christi
1093 1195 1277 1260 monasterii
1304 1195 1338 1259 in
1359 1195 1533 1259 Waterlere
1560 1214 1580 1258 a
1609 1196 1677 1261 viro
1709 1194 1857 1261 discreto

531 1284 674 1348 Iohanne
685 1283 726 1348 de
735 1281 894 1363 Vesbelre,
915 1282 985 1348 cive
1006 1282 1209 1363 inGoslaria,
1232 1283 1385 1365 lignatum
1406 1281 1491 1364 quod
1513 1281 1856 1368 diciturBockesterd,

533 1373 629 1437 situm
657 1373 690 1437 in
722 1379 827 1436 monte
853 1369 1021 1452 Sasherch,
1053 1372 1138 1453 quod
1168 1372 1295 1454 quidem
1322 1372 1475 1453 lignatum
1504 1370 1608 1437 dictus
1634 1373 1801 1449 Iohannes
1834 1395 1857 1439 a

532 1461 625 1528 nobis
653 1462 688 1526 iu
715 1461 840 1544 pheodo
867 1461 982 1543 tenuit,
1009 1462 1184 1545 empcionis
1211 1462 1303 1527 titulo
1332 1468 1577 1543 comparassent.
1618 1462 1686 1528 Nos
1711 1464 1856 1547 receptis

532 1550 635 1616 ceiam
653 1556 724 1616 octo
746 1549 862 1616 marcis
882 1552 952 1633 puri
975 1551 1100 1632 argenti
1128 1552 1249 1617 eisdem
1277 1550 1452 1634 preposito,
1479 1550 1657 1633 abbatisse,
1686 1553 1855 1635 priorisse,

532 1641 702 1705 conventui
728 1660 784 1705 seu
809 1640 1002 1705 monasterio
1030 1640 1165 1724 predicti
1194 1640 1308 1721 ligneti
1334 1640 1561 1723 proprietatem
1585 1641 1793 1707 attribuimus
1821 1649 1855 1705 et

533 1728 738 1808 donavimus,
773 1730 870 1792 immo
898 1736 930 1793 et
964 1748 1089 1793 exnunc
1119 1730 1363 1813 appropriamus
1392 1728 1591 1811 presentibus
1618 1738 1649 1795 et
1681 1732 1854 1811 donamus,

532 1817 758 1883 transferentes
779 1818 811 1879 iu
833 1817 937 1899 ipsum
957 1818 1183 1883 monasterium
1203 1818 1428 1901 proprietatem
1449 1816 1584 1881 eandem
1605 1838 1676 1884 cum
1700 1820 1853 1884 omnihus

532 1907 600 1972 suis
626 1907 746 1971 iuribus
770 1906 812 1971 ab
837 1908 917 1990 ipsis
945 1906 1096 1971 videlicet
1121 1908 1299 1990 preposito,
1329 1907 1509 1987 abbatissa,
1538 1906 1690 1990 priorissa
1716 1915 1750 1971 et
1778 1928 1853 1973 eon-

533 1996 685 2081 veutui(!)
701 1995 787 2060 omui
800 2003 922 2061 remota
932 1997 1226 2081 contardictioue(!)
1250 1996 1423 2061 liberaliter
1437 2000 1590 2079 perpetuo
1607 1996 1852 2079 possidendum,

533 2082 755 2149 renunciantes
775 2083 999 2150 nichilominus
1020 2105 1169 2168 expresse
1191 2085 1276 2149 omni
1296 2084 1415 2149 actioni
1437 2090 1468 2148 et
1488 2084 1558 2164 iuri,
1580 2084 1609 2148 si
1630 2104 1691 2166 que
1712 2092 1745 2149 et
1762 2085 1851 2167 quod

516 2173 627 2249 ‚nohis
647 2174 678 2237 in
701 2173 885 2257 supradicto
906 2174 1024 2256 ligneto
1046 2181 1154 2258 posset
1180 2175 1272 2239 modo
1301 2193 1486 2255 quocunque
1507 2178 1684 2257 competere
1705 2174 1739 2238 in
1761 2174 1850 2237 l'utu-

534 2281 612 2326 rum.
642 2260 755 2329 Testes
768 2263 863 2328 huius
883 2271 970 2329 sunt:
991 2265 1150 2329 lohannes
1166 2263 1368 2345 changele,
1390 2264 1491 2342 miles,
1510 2262 1639 2344 Henuig
1652 2262 1849 2353 deHesnem

535 2356 567 2415 et
592 2351 721 2433 Henuig
746 2352 850 2418 dictus
877 2352 1016 2433 Stesius,
1045 2353 1172 2433 tumuli,
1203 2359 1235 2419 et
1260 2354 1366 2437 plures
1386 2351 1558 2435 llidedigni.
1600 2350 1641 2415 Et
1667 2357 1701 2415 ut
1729 2351 1849 2416 huius¹

535 2438 670 2504 donacio
691 2447 799 2506 nostra
822 2442 1028 2507 racionabilis
1048 2442 1145 2507 robur
1165 2442 1308 2525 optineat
1327 2447 1477 2525 perpetue
1494 2440 1652 2505 firmitatis
1667 2448 1850 2525 presentem

534 2528 673 2594 litteram
694 2528 769 2596 inde
791 2530 1003 2614 conscriptam
1021 2530 1120 2595 nostri
1144 2530 1243 2613 sigilli
1264 2531 1461 2614 appensione
1481 2527 1613 2593 lecimus
1630 2530 1828 2595 communiri.

615 2617 733 2683 Datum
765 2617 1011 2701 Wernigrodhe,
1044 2638 1128 2683 anno
1164 2618 1285 2684 domiui
1317 2617 1625 2683 M⁰CCC⁰XLVIIII⁰
1668 2618 1723 2682 ἰιι2
1761 2618 1850 2684 beati

534 2706 690 2772 Iohannis
714 2709 860 2793 apostoli.

611 2822 716 2879 Uraelu.
732 2824 822 2879 Weraa
858 2822 896 2877 In
913 2822 973 2877 dem
990 2822 1071 2877 57¹¹¹¹²
1088 2823 1128 2877 im
1142 2823 1336 2878 Draelrmeaacr
1353 2821 1497 2877 balurrdcn
1514 2822 1604 2891 rouen
1621 2820 1729 2875 eumden
1735 2822 1847 2876 Waclrs-

535 2892 614 2961 ciepel
630 2894 667 2947 iat
684 2894 716 2948 ia
733 2892 792 2948 deta
811 2894 861 2947 mit
870 2894 1094 2947 Blumcnrarslcerr
1110 2894 1311 2963 peaebmiiclttcn
1320 2892 1471 2961 Siepeltelde
1483 2892 1530 2945 der
1547 2891 1670 2945 alabanda
1685 2892 1849 2945 damascirtc

535 2962 678 3034 dra'ocltim
693 2964 787 3018 Sebild
804 2964 854 3017 mit
873 2962 925 3017 den
943 2964 1067 3017 Forellcn
1083 2981 1118 3017 au
1135 2964 1220 3017 schem
1262 2964 1420 3030 Umaulnift:
1438 2961 1489 3027 γε’
1500 2962 1848 3016 commiseebuntur*

535 3034 883 3089 Duawuurucuuouu
896 3034 972 3097 ζῶζ.
1008 3034 1071 3088 Dua
1091 3034 1175 3103 Siepel
1198 3035 1235 3088 rat
1259 3035 1317 3100 fact
1336 3050 1407 3103 porra
1428 3034 1477 3086 wie
1500 3032 1551 3085 dac
1573 3032 1631 3099 Tus.
1656 3031 1710 3097 VI,
1733 3031 1787 3087 Nr.
1812 3035 1848 3083 48

535 3104 919 3230 Whofflm
934 3105 967 3157 ia
982 3103 1042 3159 dem
1050 3103 1275 3158 Birancrrrualrerr
1291 3104 1354 3158 abad
1367 3120 1423 3157 aar
1435 3103 1543 3158 Μάνιον.
1565 3132 1598 3141 -
1616 3101 1679 3157 Alte
1688 3102 1848 3169 Ausrcbn'st

627 3190 644 3229 r
663 3192 686 3229 .:
777 3180 869 3231 aeteri„

612 3244 641 3313 1)
658 3243 697 3301 St.
715 3245 875 3301 huiuamodi
894 3274 929 3285 -
946 3243 976 3313 2)
994 3244 1039 3300 die
1060 3244 1135 3311 fehlt.

612 3339 621 3349 a

539 3400 655 3484 1350.
682 3399 778 3483 tull
794 3398 860 3482 24.
1057 3386 1308 3396 ψ
1753 3398 1844 3481 103.

637 3532 707 3599 Der
726 3532 812 3599 Roth
831 3552 873 3599 ru
896 3531 1062 3598 Ostcrwielr
1082 3534 1214 3615 baccam,
1236 3534 1311 3599 does
1324 3534 1418 3600 Thilo
1437 3535 1496 3601 Vos
1516 3535 1622 3599 saaca
1635 3534 1846 3615 Anspraiebcu

637 3651 682 3695 aa
710 3632 778 3695 cirre
801 3632 835 3697 iu
856 3632 1067 3699 Artereshove
1093 3636 1251 3713 percaute
1269 3632 1361 3712 Huic
1386 3652 1428 3697 au
1451 3633 1596 3698 Geneten
1625 3632 1679 3695 des
1699 3631 1846 3696 Klostere

635 3727 790 3794 musar
810 3733 932 3811 meaa
949 3729 1034 3794 aare.

616 3826 685 3892 Nos
705 3826 850 3892 eonsules
871 3826 1012 3892 civitatis
1028 3826 1184 3893 Osterwic
1205 3826 1362 3893 universis
1383 3828 1425 3893 ad
1446 3846 1524 3911 quos
1545 3847 1675 3912 presens
1696 3830 1845 3913 scriptum

535 3914 717 4000 pervenerit
736 3916 879 3981 salutem.
919 3915 1227 3998 Recognossimusd)
1249 3917 1376 4001 publice
1398 3924 1624 4002 protestantes,
1645 3918 1730 4001 quod
1751 3917 1846 3982 Thilo

534 4004 639 4070 dictus
660 4004 726 4070 Vos
756 4012 788 4070 et
818 4004 877 4069 lilii
909 4006 978 4071 eius
1004 4005 1157 4087 Thileko,
1188 4006 1351 4087 Hinricus,
1384 4007 1516 4073 Ludeho
1547 4014 1578 4072 et
1609 4008 1738 4089 Henuig
1769 4005 1845 4071 dieti

534 4092 651 4159 llollen
672 4095 833 4159 constituti
856 4114 962 4159 eoram
983 4095 1075 4160 nohis
1097 4094 1361 4161 renunciaverunt
1382 4096 1527 4162 omnibus
1548 4096 1685 4177 iuribus,
1710 4095 1845 4161 iustioiis

535 4188 568 4248 et
586 4184 839 4266 exccpcionihus,
860 4184 1098 4266 quibuscunque
1109 4202 1227 4249 vexare
1241 4202 1296 4249 scu
1307 4183 1475 4249 molestare
1486 4190 1619 4269 possunt
1633 4204 1688 4251 seu
1700 4190 1846 4267 poterunt

535 4271 730 4355 prepositum
751 4279 783 4337 et
802 4273 973 4338 claustmm
992 4274 1026 4337 iu
1048 4272 1222 4337 Waterlere
1243 4290 1338 4356 super
1358 4290 1421 4339 uno
1441 4293 1552 4339 manso
1578 4274 1738 4357 quondam
1760 4274 1844 4338 dicto

534 4368 569 4432 iu
588 4360 813 4443 Artereshove
841 4368 934 4427 etex
961 4360 1048 4425 dieto
1075 4378 1186 4425 manso
1214 4359 1360 4426 ammodo
1382 4361 1479 4426 nichil
1501 4368 1692 4447 repetentes.
1734 4362 1844 4427 liciam

489 4467 492 4471 ·
535 4448 640 4517 dictus
661 4450 743 4537 Tylo
763 4450 828 4516 Vos
848 4456 881 4517 et
901 4449 1038 4535 predicti
1057 4448 1170 4531 illitu)
1192 4448 1261 4515 eius
1281 4452 1546 4518 renunciaverunt
1567 4452 1716 4517 omuibus
1742 4453 1846 4517 causis
