4459 5167
849 350 896 414 ttr.
916 353 1037 414 tt-tt.
1055 374 1080 415 a.
1100 352 1290 413 lasa-1324.
1669 346 1721 411 275

416 506 531 591 1324.
557 506 645 589 liat
656 507 695 590 6.
1656 503 1720 588 76.

518 644 663 711 modat
682 644 951 721 tasdthrabard,
975 644 1100 727 &ntea
1120 664 1161 711 aa
1178 644 1372 725 Repmsteia,
1393 642 1486 725 pebca
1505 641 1575 705 deni
1590 638 1630 705 K
1632 640 1723 705 nster

526 742 678 808 Wntcrlcr
698 744 757 808 dus
776 744 967 825 Eipcatlmm
990 744 1075 807 einer
1094 743 1206 807 taam
1227 742 1317 824 Ilaifo
1334 762 1376 807 aa
1401 740 1513 821 Odoip.

499 860 535 924 ln
561 862 688 925 nomine
717 867 826 925 saneta
851 866 884 924 et
910 858 1075 924 individue
1104 860 1257 925 trinitatis
1283 878 1384 925 amen.
1429 857 1495 921 Noa
1520 854 1668 921 Albertus
1694 860 1725 917 et

416 947 619 1013 Bembardus
639 948 691 1013 dei
712 950 817 1031 gratia
838 950 969 1014 comites
990 948 1030 1012 de
1051 949 1275 1033 Regbensteyn
1303 946 1448 1013 omnibns
1473 946 1505 1009 in
1529 952 1724 1028 perpetuum.
1853 1008 1857 1015 ,

417 1037 469 1103 Ne
487 1057 615 1120 eaque
635 1046 774 1121 agamur
791 1040 825 1102 in
845 1046 995 1122 tempore,
1017 1039 1110 1102 simnl
1126 1036 1275 1105 labantur
1286 1056 1356 1101 cum
1373 1042 1523 1118 tempore,
1544 1038 1669 1097 cautum
1692 1037 1723 1095 et

417 1126 496 1191 utile
522 1132 582 1205 est,
608 1132 643 1191 ut
672 1128 897 1211 scripturarum
921 1126 1091 1191 autenticis
1123 1126 1315 1209 redigantur.
1357 1126 1528 1201 illuceat,
1557 1120 1640 1205 quod
1668 1140 1727 1185 nos

419 1221 485 1279 tarn
504 1214 704 1297 presentibus
725 1236 820 1296 quam
840 1216 954 1281 futuris
980 1214 1073 1279 huius
1099 1215 1198 1281 seculi
1226 1216 1371 1299 cupimus
1397 1213 1464 1279 fore
1492 1218 1614 1288 notum,
1642 1209 1725 1293 quud

420 1302 462 1367 de
489 1311 610 1367 maturo
642 1305 773 1369 consilio
803 1325 842 1369 ac
873 1305 958 1369 bona
986 1306 1142 1384 omnium,
1174 1323 1304 1387 quorum
1331 1305 1462 1369 interest
1493 1300 1543 1365 vel
1573 1300 1725 1363 interesse

420 1394 551 1475 poterit,
583 1391 745 1459 voluntate
771 1393 959 1459 donavimus
987 1412 1057 1457 cam
1086 1410 1240 1457 consensu
1271 1398 1302 1457 et
1336 1391 1468 1455 arbitrio
1501 1389 1726 1473 proprietatem

421 1480 547 1546 dimidii
574 1484 677 1547 mansi
700 1484 753 1547 siti
782 1484 815 1547 in
842 1482 965 1565 campis
987 1481 1134 1565 Odorpp,
1161 1500 1223 1563 que
1248 1482 1291 1544 ad
1319 1500 1376 1545 nos
1396 1486 1429 1543 et
1450 1480 1492 1543 ad
1513 1484 1637 1543 nostros
1658 1497 1726 1561 pro-

421 1571 580 1651 genitores
602 1572 795 1654 pertinebat,
821 1590 892 1635 cum
918 1571 1003 1635 omui
1024 1569 1125 1635 fructu
1154 1576 1186 1635 ct
1212 1570 1349 1635 utilitate
1377 1576 1442 1635 tam
1472 1567 1608 1633 invilla
1634 1584 1729 1649 quam

421 1666 511 1723 extra
531 1658 641 1723 villam
675 1659 838 1725 abbatisse
864 1665 896 1723 et
923 1660 1091 1724 conventui
1118 1659 1405 1723 sanctimonialium
1431 1658 1528 1739 grisei
1552 1654 1673 1721 ordinis
1695 1656 1726 1719 iu

423 1747 596 1813 Waterlere
611 1768 668 1832 pro
684 1748 786 1813 salute
806 1755 838 1813 et
859 1747 996 1812 remedio
1017 1747 1155 1811 oninium
1172 1748 1347 1813 animarum
1369 1751 1730 1829 parentumnostrorum,

420 1845 597 1902 nostrarum
622 1858 661 1901 ac
685 1844 860 1901 nostrorum
888 1856 1103 1903 successomm
1129 1844 1280 1920 perpetue
1302 1836 1541 1920 possidendam,
1567 1835 1650 1899 sicut
1670 1854 1728 1900 nos

422 1932 455 1991 et
475 1926 574 1990 nostri
595 1934 744 2009 parentes
766 1925 1016 2009 possidebamus.
1059 1926 1094 1989 ln
1107 1926 1195 1991 cuias
1207 1924 1251 1989 rei
1271 1925 1484 1990 testimonium
1497 1924 1604 2007 sigilla
1620 1930 1728 1987 nostra

421 2015 622 2099 presentibus
648 2015 795 2079 duximus
821 2014 1020 2099 apponenda.
1064 2014 1177 2079 Testes
1203 2012 1296 2079 huius
1321 2015 1366 2079 rei
1390 2020 1476 2079 sunt:
1504 2012 1649 2079 dominus
1675 2012 1728 2077 Al-

422 2104 529 2170 bertus
560 2104 601 2169 de
628 2104 733 2167 Monta
766 2110 798 2169 et
827 2104 1014 2168 Lodewicus
1045 2103 1085 2168 de
1116 2104 1374 2185 Elvelingerode,
1413 2103 1544 2183 milites,
1580 2102 1655 2169 Otto
1688 2102 1729 2167 de

421 2192 645 2274 llalrenbome,
665 2193 814 2258 Hinricus
834 2192 914 2273 Mus,
935 2194 1055 2273 sanauli,
1075 2200 1106 2257 et
1127 2193 1183 2257 alii
1203 2194 1404 2277 quamplures
1423 2192 1586 2275 lidedigui.

504 2283 621 2346 Datum
649 2302 732 2347 anuo
760 2281 880 2348 domini
902 2282 1185 2361 nocccdtxssrl,
1211 2284 1243 2349 in
1269 2282 1321 2348 die
1347 2283 1449 2348 sancti
1476 2283 1627 2348 lobannis
1654 2286 1729 2347 ante

424 2376 547 2454 portam
568 2371 708 2438 latinam,

495 2470 671 2540 copinam.
689 2461 732 2526 ab.
949 2510 1198 2525 --..

425 2640 540 2724 1324.
566 2640 595 2723 J
597 2640 662 2723 nli
679 2640 745 2723 26.
774 2637 1086 2743 Quodllnburg.
1669 2640 1727 2723 77.

525 2774 597 2840 Das
617 2776 693 2858 aaa
704 2776 919 2857 camarinam
937 2776 1112 2856 iaceam
1132 2777 1200 2839 aem
1221 2777 1352 2841 naono
1373 2776 1525 2841 waiam
1541 2776 1601 2839 aas
1613 2774 1729 2856 aaa·

526 2874 614 2937 tbam
633 2874 690 2937 der
709 2872 821 2937 Matio
839 2894 892 2937 aare
913 2874 944 2939 S.
962 2874 1231 2955 Jacoustircatose
1249 2874 1390 2939 dascusa

506 2990 544 3055 In
563 2990 691 3055 nomine
715 2988 835 3055 domini
862 3010 963 3055 amen.
1006 2991 1161 3070 Quoniam
1184 3011 1224 3057 ea
1250 3011 1324 3075 que,
1350 2998 1501 3073 geruntur
1522 2990 1553 3054 in
1580 2995 1730 3079 tempore,

425 3080 518 3143 simul
540 3085 734 3145 evanescunt
754 3099 824 3143 cum
845 3086 984 3164 ternpore
1006 3088 1037 3145 et
1064 3101 1085 3145 a
1104 3080 1257 3147 memoria
1281 3081 1441 3145 bominum
1462 3098 1519 3164 per
1538 3078 1731 3143 oblivionem

425 3170 535 3251 sepius
556 3168 748 3248 dilabuntur,
770 3177 970 3250 accenseam,
992 3176 1026 3233 ut
1037 3170 1165 3253 seriptis
1177 3170 1344 3235 autenticis
1359 3176 1390 3234 et
1403 3166 1730 3233 fideliumtestimonio

426 3256 670 3342 perhennentur.
711 3258 794 3321 ilinc
815 3266 877 3341 est,
903 3258 988 3341 quod
1015 3279 1072 3325 noa
1098 3260 1182 3325 latta
1205 3260 1385 3341 abbatissa,
1412 3258 1533 3341 Sophia
1559 3257 1731 3341 preposita,

427 3344 649 3428 Ennegardis,
686 3345 811 3411 decana
841 3348 973 3414 ecclesie
1007 3347 1369 3430 Quedelingburgensis,
1401 3353 1509 3411 tenore
1541 3346 1733 3427 presentium

426 3434 688 3515 recognoscimus,
710 3436 854 3500 volentes
875 3437 1019 3501 omnibus
1040 3436 1157 3501 Christi
1179 3434 1326 3501 fidelibus
1347 3444 1411 3501 tam
1423 3433 1622 3519 presentibus
1637 3453 1732 3513 quarn

427 3523 564 3607 posteris
583 3524 649 3587 lore
671 3533 793 3605 notum,
823 3524 906 3607 quod
924 3544 964 3589 ex
986 3526 1144 3590 communi
1165 3546 1318 3591 consensu
1341 3527 1436 3589 totius
1465 3522 1563 3588 nostri
1587 3524 1732 3607 capittuli

428 3612 589 3694 condigna
617 3616 908 3697 recompensatione
939 3623 1068 3699 recepta
1091 3616 1367 3698 appropriavimus
1395 3614 1463 3680 sive
1491 3614 1733 3698 appropriamus

428 3701 561 3766 ecclesie
582 3704 665 3765 sacri
684 3704 849 3784 sanguinis
870 3704 941 3767 lesu
964 3704 1060 3769 Cristi
1082 3705 1114 3768 in
1136 3704 1310 3769 Waterlere
1330 3701 1559 3783 molendinum,
1584 3702 1677 3767 situm
1702 3703 1734 3767 i'n

429 3790 540 3854 eadem
565 3790 644 3854 villa
669 3791 823 3856 cimiterio
849 3793 983 3858 ecclesie
1010 3794 1112 3858 sancti
1134 3794 1243 3858 iacobi
1265 3794 1434 3873 adiacens,
1460 3812 1530 3858 cum
1553 3791 1677 3856 l'abrica
1704 3799 1736 3857 et

429 3880 517 3943 curia
536 3881 692 3943 attinente
713 3885 745 3944 et
765 3880 849 3945 silva
868 3882 1037 3946 adiacente
1057 3888 1090 3947 et
1110 3902 1180 3946 cum
1202 3901 1296 3947 censu
1318 3884 1456 3965 quinque
1478 3882 1617 3945 lotonum
1635 3900 1735 3945 annu-

428 3968 506 4032 atim
526 3968 619 4033 nobis
640 3967 715 4033 olim
734 3967 811 4034 inde
831 3968 996 4035 derivante
1021 3972 1169 4053 omnique
1192 3972 1267 4053 ingo
1296 3972 1458 4036 servitutis
1484 3990 1539 4035 seu
1565 3969 1734 4037 advocatie

428 4057 480 4120 vel
501 4057 714 4139 cuiuscunque
735 4059 909 4123 exactionis
929 4059 1063 4123 liberum
1086 4079 1155 4124 cum
1182 4060 1266 4123 omui
1294 4061 1441 4125 libertate
1465 4060 1585 4124 etiarn
1613 4068 1645 4124 ct
1663 4060 1736 4123 atti-

428 4146 556 4227 nentiis,
576 4148 658 4211 siout
668 4147 820 4212 hactenns
834 4148 969 4214 ecclesie
984 4155 1089 4213 nostre
1103 4150 1294 4233 pertinuisse
1305 4148 1487 4227 dinoscitur,
1500 4147 1566 4211 iure
1581 4156 1735 4231 perpetuo

430 4236 665 4319 possidendum.
707 4239 757 4303 Ne
777 4246 881 4303 antem
907 4239 940 4302 in
966 4246 1125 4323 posterum
1151 4238 1190 4302 dc
1216 4236 1394 4304 huiusmodi
1418 4238 1501 4302 facto
1529 4236 1660 4301 dubium
1685 4238 1737 4303 vel

429 4325 583 4391 dissentio
604 4325 842 4410 qualiscumque
862 4328 965 4412 possit
984 4329 1127 4409 evenire,
1153 4328 1260 4411 sigilla
1287 4334 1394 4393 nostra
1420 4333 1452 4392 et
1478 4326 1612 4391 ecclesie
1632 4334 1738 4393 nostra

430 4414 631 4497 presentibus
664 4414 697 4479 in
725 4416 940 4480 testimonium
972 4416 1104 4481 evidens
1135 4423 1207 4479 sunt
1237 4434 1389 4498 appensa.
1430 4414 1545 4480 Testes
1573 4414 1665 4479 huius
1691 4416 1738 4480 rei

428 4511 516 4569 sunt:
548 4503 696 4571 dominus
722 4504 904 4571 Herbordns
925 4505 1030 4571 dictus
1056 4505 1140 4587 llor,
1169 4505 1340 4569 canonicus
1366 4510 1397 4569 et
1425 4502 1574 4568 officialis
1602 4504 1737 4571 ecclesie

1482 4606 1535 4663 18*
