<?xml version="1.0" encoding="UTF-8"?>
<!DOCTYPE html PUBLIC "-//W3C//DTD XHTML 1.0 Transitional//EN"
    "http://www.w3.org/TR/xhtml1/DTD/xhtml1-transitional.dtd">
<html xmlns="http://www.w3.org/1999/xhtml" xml:lang="en" lang="en">
 <head>
  <title>
</title>
<meta http-equiv="Content-Type" content="text/html;charset=utf-8" />
  <meta name='ocr-system' content='tesseract 3.04.00' />
  <meta name='ocr-capabilities' content='ocr_page ocr_carea ocr_par ocr_line ocrx_word'/>
</head>
<body>
  <div class='ocr_page' id='page_1' title='image "./urkundenbuchder00nunsgoog_0155.png"; bbox 0 0 4459 5167; ppageno 0'>
   <div class='ocr_carea' id='block_1_1' title="bbox 511 351 1502 428">
    <p class='ocr_par' dir='ltr' id='par_1_1' title="bbox 511 351 1502 428">
     <span class='ocr_line' id='line_1_1' title="bbox 511 351 1502 428; baseline 0.003 -16"><span class='ocrx_word' id='word_1_1' title='bbox 511 356 561 413; x_wconf 83' lang='lat' dir='ltr'><strong>tao</strong></span> <span class='ocrx_word' id='word_1_2' title='bbox 824 353 988 428; x_wconf 73' lang='lat' dir='ltr'><strong>Augustiner</strong></span> <span class='ocrx_word' id='word_1_3' title='bbox 1005 351 1257 414; x_wconf 80' lang='lat' dir='ltr'><strong>Einsierilerlsloster</strong></span> <span class='ocrx_word' id='word_1_4' title='bbox 1274 351 1502 428; x_wconf 85' lang='lat' dir='ltr'><strong>Himmclpsorteu.</strong></span> 
     </span>
    </p>
   </div>
   <div class='ocr_carea' id='block_1_2' title="bbox 508 507 1815 1572">
    <p class='ocr_par' dir='ltr' id='par_1_2' title="bbox 508 507 1815 1373">
     <span class='ocr_line' id='line_1_2' title="bbox 508 507 1814 591; baseline -0.002 -17"><span class='ocrx_word' id='word_1_5' title='bbox 508 510 728 591; x_wconf 82' lang='lat' dir='ltr'><strong>gravaminum</strong></span> <span class='ocrx_word' id='word_1_6' title='bbox 756 507 849 572; x_wconf 93' lang='lat' dir='ltr'><strong>nobis</strong></span> <span class='ocrx_word' id='word_1_7' title='bbox 872 513 904 571; x_wconf 88' lang='lat' dir='ltr'><strong>et</strong></span> <span class='ocrx_word' id='word_1_8' title='bbox 934 507 1050 572; x_wconf 90' lang='lat' dir='ltr'><strong>uostris</strong></span> <span class='ocrx_word' id='word_1_9' title='bbox 1078 507 1256 590; x_wconf 89' lang='lat' dir='ltr'><strong>parrochiis</strong></span> <span class='ocrx_word' id='word_1_10' title='bbox 1286 525 1325 572; x_wconf 87' lang='lat' dir='ltr'><strong>ex</strong></span> <span class='ocrx_word' id='word_1_11' title='bbox 1352 507 1481 572; x_wconf 88' lang='lat' dir='ltr'><strong>claustri</strong></span> <span class='ocrx_word' id='word_1_12' title='bbox 1512 507 1744 574; x_wconf 88' lang='lat' dir='ltr'><strong>constructione</strong></span> <span class='ocrx_word' id='word_1_13' title='bbox 1773 526 1814 572; x_wconf 85' lang='lat' dir='ltr'><strong>ex</strong></span> 
     </span>
     <span class='ocr_line' id='line_1_3' title="bbox 509 596 1814 682; baseline -0.002 -20"><span class='ocrx_word' id='word_1_14' title='bbox 509 599 593 662; x_wconf 90' lang='lat' dir='ltr'><strong>omui</strong></span> <span class='ocrx_word' id='word_1_15' title='bbox 614 603 706 682; x_wconf 89' lang='lat' dir='ltr'><strong>parte</strong></span> <span class='ocrx_word' id='word_1_16' title='bbox 728 597 960 677; x_wconf 84' lang='lat' dir='ltr'><strong>inminentium,</strong></span> <span class='ocrx_word' id='word_1_17' title='bbox 977 597 1090 662; x_wconf 84' lang='lat' dir='ltr'><strong>fratres</strong></span> <span class='ocrx_word' id='word_1_18' title='bbox 1108 597 1202 662; x_wconf 91' lang='lat' dir='ltr'><strong>Porte</strong></span> <span class='ocrx_word' id='word_1_19' title='bbox 1219 597 1287 661; x_wconf 86' lang='lat' dir='ltr'><strong>Celi</strong></span> <span class='ocrx_word' id='word_1_20' title='bbox 1308 596 1468 661; x_wconf 88' lang='lat' dir='ltr'><strong>solverunt</strong></span> <span class='ocrx_word' id='word_1_21' title='bbox 1488 597 1669 680; x_wconf 84' lang='lat' dir='ltr'><strong>quindecim</strong></span> <span class='ocrx_word' id='word_1_22' title='bbox 1689 616 1814 662; x_wconf 89' lang='lat' dir='ltr'><strong>marcas</strong></span> 
     </span>
     <span class='ocr_line' id='line_1_4' title="bbox 509 685 1815 770; baseline -0.001 -20"><span class='ocrx_word' id='word_1_23' title='bbox 509 696 541 750; x_wconf 93' lang='lat' dir='ltr'><strong>et</strong></span> <span class='ocrx_word' id='word_1_24' title='bbox 566 687 680 752; x_wconf 90' lang='lat' dir='ltr'><strong>fratres</strong></span> <span class='ocrx_word' id='word_1_25' title='bbox 700 685 1051 768; x_wconf 81' lang='lat' dir='ltr'><strong>Quedelingborgenses</strong></span> <span class='ocrx_word' id='word_1_26' title='bbox 1076 687 1186 750; x_wconf 88' lang='lat' dir='ltr'><strong>decern</strong></span> <span class='ocrx_word' id='word_1_27' title='bbox 1213 705 1336 750; x_wconf 87' lang='lat' dir='ltr'><strong>marcas</strong></span> <span class='ocrx_word' id='word_1_28' title='bbox 1361 687 1534 751; x_wconf 88' lang='lat' dir='ltr'><strong>examinati</strong></span> <span class='ocrx_word' id='word_1_29' title='bbox 1562 687 1703 770; x_wconf 84' lang='lat' dir='ltr'><strong>argenti,</strong></span> <span class='ocrx_word' id='word_1_30' title='bbox 1731 686 1815 752; x_wconf 88' lang='lat' dir='ltr'><strong>sicut</strong></span> 
     </span>
     <span class='ocr_line' id='line_1_5' title="bbox 510 774 1814 859; baseline -0.001 -21"><span class='ocrx_word' id='word_1_31' title='bbox 510 774 588 859; x_wconf 83' lang='lat' dir='ltr'><strong>Ipsis</strong></span> <span class='ocrx_word' id='word_1_32' title='bbox 610 794 630 837; x_wconf 92' lang='lat' dir='ltr'><strong>a</strong></span> <span class='ocrx_word' id='word_1_33' title='bbox 650 774 782 859; x_wconf 89' lang='lat' dir='ltr'><strong>prelatis</strong></span> <span class='ocrx_word' id='word_1_34' title='bbox 810 775 875 840; x_wconf 91' lang='lat' dir='ltr'><strong>suis</strong></span> <span class='ocrx_word' id='word_1_35' title='bbox 902 776 1005 840; x_wconf 85' lang='lat' dir='ltr'><strong>fuerat</strong></span> <span class='ocrx_word' id='word_1_36' title='bbox 1031 776 1220 856; x_wconf 88' lang='lat' dir='ltr'><strong>iniunctum,</strong></span> <span class='ocrx_word' id='word_1_37' title='bbox 1249 782 1282 838; x_wconf 90' lang='lat' dir='ltr'><strong>ut</strong></span> <span class='ocrx_word' id='word_1_38' title='bbox 1307 775 1369 858; x_wconf 91' lang='lat' dir='ltr'><strong>ipsi</strong></span> <span class='ocrx_word' id='word_1_39' title='bbox 1392 776 1585 841; x_wconf 85' lang='lat' dir='ltr'><strong>asserebant.</strong></span> <span class='ocrx_word' id='word_1_40' title='bbox 1634 775 1715 840; x_wconf 92' lang='lat' dir='ltr'><strong>Huic</strong></span> <span class='ocrx_word' id='word_1_41' title='bbox 1738 793 1814 840; x_wconf 88' lang='lat' dir='ltr'><strong>vero</strong></span> 
     </span>
     <span class='ocr_line' id='line_1_6' title="bbox 509 863 1815 948; baseline -0.002 -18"><span class='ocrx_word' id='word_1_42' title='bbox 509 865 655 930; x_wconf 88' lang='lat' dir='ltr'><strong>solutioni</strong></span> <span class='ocrx_word' id='word_1_43' title='bbox 678 870 840 948; x_wconf 80' lang='lat' dir='ltr'><strong>presentes</strong></span> <span class='ocrx_word' id='word_1_44' title='bbox 861 865 999 928; x_wconf 85' lang='lat' dir='ltr'><strong>fuerunt:</strong></span> <span class='ocrx_word' id='word_1_45' title='bbox 1020 863 1165 930; x_wconf 89' lang='lat' dir='ltr'><strong>dominus</strong></span> <span class='ocrx_word' id='word_1_46' title='bbox 1186 865 1294 929; x_wconf 87' lang='lat' dir='ltr'><strong>Grubo</strong></span> <span class='ocrx_word' id='word_1_47' title='bbox 1315 867 1356 930; x_wconf 89' lang='lat' dir='ltr'><strong>dc</strong></span> <span class='ocrx_word' id='word_1_48' title='bbox 1378 865 1614 947; x_wconf 85' lang='lat' dir='ltr'><strong>Gmhenhageu</strong></span> <span class='ocrx_word' id='word_1_49' title='bbox 1638 873 1670 929; x_wconf 92' lang='lat' dir='ltr'><strong>et</strong></span> <span class='ocrx_word' id='word_1_50' title='bbox 1690 865 1815 930; x_wconf 87' lang='lat' dir='ltr'><strong>Romol-</strong></span> 
     </span>
     <span class='ocr_line' id='line_1_7' title="bbox 508 952 1815 1036; baseline 0 -20"><span class='ocrx_word' id='word_1_51' title='bbox 508 955 567 1016; x_wconf 81' lang='grc'><strong>999</strong></span> <span class='ocrx_word' id='word_1_52' title='bbox 588 954 779 1018; x_wconf 88' lang='lat' dir='ltr'><strong>monetarius</strong></span> <span class='ocrx_word' id='word_1_53' title='bbox 791 952 948 1034; x_wconf 87' lang='lat' dir='ltr'><strong>quondam</strong></span> <span class='ocrx_word' id='word_1_54' title='bbox 964 954 1105 1018; x_wconf 80' lang='lat' dir='ltr'><strong>ciuitatis</strong></span> <span class='ocrx_word' id='word_1_55' title='bbox 1118 952 1331 1017; x_wconf 84' lang='lat' dir='ltr'><strong>Embecensis.</strong></span> <span class='ocrx_word' id='word_1_56' title='bbox 1373 953 1473 1030; x_wconf 83' lang='lat' dir='ltr'><strong>Quam</strong></span> <span class='ocrx_word' id='word_1_57' title='bbox 1497 953 1665 1036; x_wconf 82' lang='lat' dir='ltr'><strong>pecuniam</strong></span> <span class='ocrx_word' id='word_1_58' title='bbox 1683 953 1815 1019; x_wconf 90' lang='lat' dir='ltr'><strong>honora-</strong></span> 
     </span>
     <span class='ocr_line' id='line_1_8' title="bbox 509 1040 1814 1122; baseline 0.002 -18"><span class='ocrx_word' id='word_1_59' title='bbox 509 1043 590 1108; x_wconf 89' lang='lat' dir='ltr'><strong>biles</strong></span> <span class='ocrx_word' id='word_1_60' title='bbox 617 1043 678 1106; x_wconf 84' lang='lat' dir='ltr'><strong>riri</strong></span> <span class='ocrx_word' id='word_1_61' title='bbox 712 1042 857 1108; x_wconf 89' lang='lat' dir='ltr'><strong>domiuus</strong></span> <span class='ocrx_word' id='word_1_62' title='bbox 882 1041 1073 1107; x_wconf 87' lang='lat' dir='ltr'><strong>Ekehardus</strong></span> <span class='ocrx_word' id='word_1_63' title='bbox 1101 1049 1133 1107; x_wconf 90' lang='lat' dir='ltr'><strong>et</strong></span> <span class='ocrx_word' id='word_1_64' title='bbox 1164 1041 1311 1106; x_wconf 91' lang='lat' dir='ltr'><strong>dominus</strong></span> <span class='ocrx_word' id='word_1_65' title='bbox 1337 1042 1504 1108; x_wconf 90' lang='lat' dir='ltr'><strong>Bertoldus</strong></span> <span class='ocrx_word' id='word_1_66' title='bbox 1534 1042 1575 1108; x_wconf 91' lang='lat' dir='ltr'><strong>de</strong></span> <span class='ocrx_word' id='word_1_67' title='bbox 1601 1040 1814 1122; x_wconf 84' lang='lat' dir='ltr'><strong>Godenstede,</strong></span> 
     </span>
     <span class='ocr_line' id='line_1_9' title="bbox 508 1131 1814 1215; baseline -0.001 -19"><span class='ocrx_word' id='word_1_68' title='bbox 508 1133 653 1197; x_wconf 89' lang='lat' dir='ltr'><strong>canonici</strong></span> <span class='ocrx_word' id='word_1_69' title='bbox 674 1132 815 1197; x_wconf 86' lang='lat' dir='ltr'><strong>eiusdem</strong></span> <span class='ocrx_word' id='word_1_70' title='bbox 836 1133 985 1213; x_wconf 75' lang='lat' dir='ltr'><strong>ecclesie,</strong></span> <span class='ocrx_word' id='word_1_71' title='bbox 1009 1133 1136 1198; x_wconf 84' lang='lat' dir='ltr'><strong>nemius</strong></span> <span class='ocrx_word' id='word_1_72' title='bbox 1163 1132 1293 1215; x_wconf 90' lang='lat' dir='ltr'><strong>capituli</strong></span> <span class='ocrx_word' id='word_1_73' title='bbox 1322 1140 1514 1214; x_wconf 88' lang='lat' dir='ltr'><strong>receperunt.</strong></span> <span class='ocrx_word' id='word_1_74' title='bbox 1564 1133 1599 1196; x_wconf 94' lang='lat' dir='ltr'><strong>Iu</strong></span> <span class='ocrx_word' id='word_1_75' title='bbox 1622 1131 1711 1198; x_wconf 86' lang='lat' dir='ltr'><strong>cuius</strong></span> <span class='ocrx_word' id='word_1_76' title='bbox 1732 1132 1814 1196; x_wconf 88' lang='lat' dir='ltr'><strong>solu-</strong></span> 
     </span>
     <span class='ocr_line' id='line_1_10' title="bbox 508 1221 1814 1304; baseline 0.002 -20"><span class='ocrx_word' id='word_1_77' title='bbox 508 1221 604 1284; x_wconf 91' lang='lat' dir='ltr'><strong>tionis</strong></span> <span class='ocrx_word' id='word_1_78' title='bbox 633 1221 891 1304; x_wconf 85' lang='lat' dir='ltr'><strong>protestationem</strong></span> <span class='ocrx_word' id='word_1_79' title='bbox 918 1221 1002 1286; x_wconf 90' lang='lat' dir='ltr'><strong>hanc</strong></span> <span class='ocrx_word' id='word_1_80' title='bbox 1027 1221 1164 1286; x_wconf 86' lang='lat' dir='ltr'><strong>litteram</strong></span> <span class='ocrx_word' id='word_1_81' title='bbox 1197 1221 1296 1286; x_wconf 81' lang='lat' dir='ltr'><strong>nostri</strong></span> <span class='ocrx_word' id='word_1_82' title='bbox 1321 1223 1453 1304; x_wconf 91' lang='lat' dir='ltr'><strong>capituli</strong></span> <span class='ocrx_word' id='word_1_83' title='bbox 1484 1222 1589 1303; x_wconf 89' lang='lat' dir='ltr'><strong>sigillo</strong></span> <span class='ocrx_word' id='word_1_84' title='bbox 1617 1221 1814 1286; x_wconf 78' lang='lat' dir='ltr'><strong>decrevimus</strong></span> 
     </span>
     <span class='ocr_line' id='line_1_11' title="bbox 509 1329 702 1373; baseline 0.005 -1"><span class='ocrx_word' id='word_1_85' title='bbox 509 1329 702 1373; x_wconf 81' lang='lat' dir='ltr'><strong>communiri.</strong></span> 
     </span>
    </p>

    <p class='ocr_par' dir='ltr' id='par_1_3' title="bbox 510 1397 1815 1572">
     <span class='ocr_line' id='line_1_12' title="bbox 588 1397 1815 1481; baseline 0.001 -20"><span class='ocrx_word' id='word_1_86' title='bbox 588 1399 702 1462; x_wconf 84' lang='lat' dir='ltr'><strong>Actum</strong></span> <span class='ocrx_word' id='word_1_87' title='bbox 722 1413 755 1462; x_wconf 88' lang='lat' dir='ltr'><strong>et</strong></span> <span class='ocrx_word' id='word_1_88' title='bbox 776 1397 883 1463; x_wconf 88' lang='lat' dir='ltr'><strong>datum</strong></span> <span class='ocrx_word' id='word_1_89' title='bbox 904 1399 938 1463; x_wconf 92' lang='lat' dir='ltr'><strong>in</strong></span> <span class='ocrx_word' id='word_1_90' title='bbox 951 1399 1106 1481; x_wconf 87' lang='lat' dir='ltr'><strong>Embeke,</strong></span> <span class='ocrx_word' id='word_1_91' title='bbox 1127 1420 1210 1466; x_wconf 88' lang='lat' dir='ltr'><strong>auno</strong></span> <span class='ocrx_word' id='word_1_92' title='bbox 1224 1399 1344 1464; x_wconf 91' lang='lat' dir='ltr'><strong>domiui</strong></span> <span class='ocrx_word' id='word_1_93' title='bbox 1357 1399 1629 1479; x_wconf 70' lang='lat' dir='ltr'><strong>ltocccrxvflr,</strong></span> <span class='ocrx_word' id='word_1_94' title='bbox 1651 1400 1683 1463; x_wconf 94' lang='lat' dir='ltr'><strong>in</strong></span> <span class='ocrx_word' id='word_1_95' title='bbox 1700 1405 1815 1464; x_wconf 79' lang='lat' dir='ltr'><strong>octaua</strong></span> 
     </span>
     <span class='ocr_line' id='line_1_13' title="bbox 510 1487 1000 1572; baseline 0.006 -23"><span class='ocrx_word' id='word_1_96' title='bbox 510 1487 720 1572; x_wconf 88' lang='lat' dir='ltr'><strong>apostolorum</strong></span> <span class='ocrx_word' id='word_1_97' title='bbox 741 1487 827 1552; x_wconf 89' lang='lat' dir='ltr'><strong>Petri</strong></span> <span class='ocrx_word' id='word_1_98' title='bbox 847 1495 880 1552; x_wconf 91' lang='lat' dir='ltr'><strong>et</strong></span> <span class='ocrx_word' id='word_1_99' title='bbox 899 1488 1000 1552; x_wconf 89' lang='lat' dir='ltr'><strong>Pauli</strong></span> 
     </span>
    </p>
   </div>
   <div class='ocr_carea' id='block_1_3' title="bbox 507 1603 1814 1728">
    <p class='ocr_par' dir='ltr' id='par_1_4' title="bbox 507 1603 1814 1728">
     <span class='ocr_line' id='line_1_14' title="bbox 547 1603 1814 1728; baseline 0 -72"><span class='ocrx_word' id='word_1_100' title='bbox 547 1674 558 1726; x_wconf 58' lang='grc'><em>1</em></span> <span class='ocrx_word' id='word_1_101' title='bbox 585 1604 800 1728; x_wconf 42' lang='lat' dir='ltr'><strong>Humagum.</strong></span> <span class='ocrx_word' id='word_1_102' title='bbox 836 1603 899 1658; x_wconf 80' lang='lat' dir='ltr'><strong>Due</strong></span> <span class='ocrx_word' id='word_1_103' title='bbox 921 1623 960 1658; x_wconf 84' lang='lat' dir='ltr'><strong>auu</strong></span> <span class='ocrx_word' id='word_1_104' title='bbox 979 1606 1245 1676; x_wconf 72' lang='grc' dir='ltr'><strong>Ρ99999999999999999999</strong></span> <span class='ocrx_word' id='word_1_105' title='bbox 1267 1605 1419 1675; x_wconf 76' lang='lat' dir='ltr'><strong>aupelrdurpt</strong></span> <span class='ocrx_word' id='word_1_106' title='bbox 1435 1621 1564 1675; x_wconf 72' lang='grc'><strong>9999999999</strong></span> <span class='ocrx_word' id='word_1_107' title='bbox 1581 1603 1665 1674; x_wconf 74' lang='lat' dir='ltr'><strong>Sicpd</strong></span> <span class='ocrx_word' id='word_1_108' title='bbox 1686 1604 1721 1658; x_wconf 82' lang='lat' dir='ltr'><strong>ist</strong></span> <span class='ocrx_word' id='word_1_109' title='bbox 1738 1603 1814 1657; x_wconf 74' lang='grc'><strong>9999999</strong></span> 
     </span>
     <span class='ocr_line' id='line_1_15' title="bbox 507 1689 643 1728; baseline 0.015 -2"><span class='ocrx_word' id='word_1_110' title='bbox 507 1689 581 1727; x_wconf 70' lang='lat' dir='ltr'><strong>ouer</strong></span> <span class='ocrx_word' id='word_1_111' title='bbox 598 1690 643 1728; x_wconf 86' lang='lat' dir='ltr'><strong>cor</strong></span> 
     </span>
    </p>
   </div>
   <div class='ocr_carea' id='block_1_4' title="bbox 509 1831 1815 2034">
    <p class='ocr_par' dir='ltr' id='par_1_5' title="bbox 509 1831 1815 2034">
     <span class='ocr_line' id='line_1_16' title="bbox 509 1831 1812 1930; baseline -0.001 -18"><span class='ocrx_word' id='word_1_112' title='bbox 509 1831 1812 1930; x_wconf 63' lang='lat' dir='ltr'><strong>latetmouet&amp;</strong></span> 
     </span>
     <span class='ocr_line' id='line_1_17' title="bbox 610 1945 1815 2034; baseline -0.002 -23"><span class='ocrx_word' id='word_1_113' title='bbox 610 1947 679 2012; x_wconf 87' lang='lat' dir='ltr'><strong>Der</strong></span> <span class='ocrx_word' id='word_1_114' title='bbox 711 1948 814 2012; x_wconf 80' lang='lat' dir='ltr'><strong>liitter</strong></span> <span class='ocrx_word' id='word_1_115' title='bbox 842 1949 987 2015; x_wconf 81' lang='lat' dir='ltr'><strong>Heirnoid</strong></span> <span class='ocrx_word' id='word_1_116' title='bbox 1023 1972 1082 2016; x_wconf 86' lang='lat' dir='ltr'><strong>con</strong></span> <span class='ocrx_word' id='word_1_117' title='bbox 1112 1952 1369 2034; x_wconf 77' lang='lat' dir='ltr'><strong>Muthiinperode</strong></span> <span class='ocrx_word' id='word_1_118' title='bbox 1408 1952 1555 2032; x_wconf 81' lang='grc'><strong>9991999999</strong></span> <span class='ocrx_word' id='word_1_119' title='bbox 1542 1949 1656 2014; x_wconf 81' lang='grc'><strong>9999999</strong></span> <span class='ocrx_word' id='word_1_120' title='bbox 1687 1945 1815 2010; x_wconf 81' lang='lat' dir='ltr'><strong>Khrster</strong></span> 
     </span>
    </p>
   </div>
   <div class='ocr_carea' id='block_1_5' title="bbox 608 2043 1815 2209">
    <p class='ocr_par' dir='ltr' id='par_1_6' title="bbox 608 2043 1815 2209">
     <span class='ocr_line' id='line_1_18' title="bbox 610 2043 1815 2129; baseline -0.001 -21"><span class='ocrx_word' id='word_1_121' title='bbox 610 2046 870 2129; x_wconf 73' lang='grc'><strong>119999999999999999</strong></span> <span class='ocrx_word' id='word_1_122' title='bbox 895 2049 952 2129; x_wconf 80' lang='lat' dir='ltr'><strong>fiir</strong></span> <span class='ocrx_word' id='word_1_123' title='bbox 977 2051 1141 2114; x_wconf 81' lang='grc'><strong>18191999</strong></span> <span class='ocrx_word' id='word_1_124' title='bbox 1167 2051 1276 2114; x_wconf 79' lang='grc'><strong>99999999</strong></span> <span class='ocrx_word' id='word_1_125' title='bbox 1298 2050 1412 2114; x_wconf 83' lang='lat' dir='ltr'><strong>Silbers</strong></span> <span class='ocrx_word' id='word_1_126' title='bbox 1436 2050 1504 2112; x_wconf 79' lang='grc'><strong>99999</strong></span> <span class='ocrx_word' id='word_1_127' title='bbox 1528 2047 1617 2128; x_wconf 79' lang='lat' dir='ltr'><strong>Hufc</strong></span> <span class='ocrx_word' id='word_1_128' title='bbox 1643 2045 1712 2108; x_wconf 79' lang='lat' dir='ltr'><strong>arrd</strong></span> <span class='ocrx_word' id='word_1_129' title='bbox 1733 2043 1815 2125; x_wconf 84' lang='lat' dir='ltr'><strong>Hof-</strong></span> 
     </span>
     <span class='ocr_line' id='line_1_19' title="bbox 608 2145 951 2209; baseline 0.009 -3"><span class='ocrx_word' id='word_1_130' title='bbox 608 2147 699 2207; x_wconf 77' lang='grc'><strong>9999999</strong></span> <span class='ocrx_word' id='word_1_131' title='bbox 717 2165 759 2208; x_wconf 74' lang='lat' dir='ltr'><strong>aa</strong></span> <span class='ocrx_word' id='word_1_132' title='bbox 780 2145 951 2209; x_wconf 81' lang='lat' dir='ltr'><strong>Heudeber.</strong></span> 
     </span>
    </p>
   </div>
   <div class='ocr_carea' id='block_1_6' title="bbox 506 2241 1815 4100">
    <p class='ocr_par' dir='ltr' id='par_1_7' title="bbox 506 2241 1815 4011">
     <span class='ocr_line' id='line_1_20' title="bbox 588 2241 1815 2324; baseline 0 -21"><span class='ocrx_word' id='word_1_133' title='bbox 588 2241 774 2307; x_wconf 88' lang='lat' dir='ltr'><strong>innomine</strong></span> <span class='ocrx_word' id='word_1_134' title='bbox 800 2253 910 2309; x_wconf 88' lang='lat' dir='ltr'><strong>sancte</strong></span> <span class='ocrx_word' id='word_1_135' title='bbox 935 2251 967 2309; x_wconf 96' lang='grc'><strong>99</strong></span> <span class='ocrx_word' id='word_1_136' title='bbox 995 2245 1159 2311; x_wconf 87' lang='lat' dir='ltr'><strong>individue</strong></span> <span class='ocrx_word' id='word_1_137' title='bbox 1188 2246 1341 2310; x_wconf 85' lang='lat' dir='ltr'><strong>trinitatis</strong></span> <span class='ocrx_word' id='word_1_138' title='bbox 1368 2265 1470 2310; x_wconf 92' lang='lat' dir='ltr'><strong>amen.</strong></span> <span class='ocrx_word' id='word_1_139' title='bbox 1522 2244 1572 2308; x_wconf 88' lang='lat' dir='ltr'><strong>Ne</strong></span> <span class='ocrx_word' id='word_1_140' title='bbox 1598 2241 1815 2324; x_wconf 90' lang='lat' dir='ltr'><strong>temporaliter</strong></span> 
     </span>
     <span class='ocr_line' id='line_1_21' title="bbox 508 2331 1814 2419; baseline 0 -26"><span class='ocrx_word' id='word_1_141' title='bbox 508 2336 601 2412; x_wconf 89' lang='lat' dir='ltr'><strong>gesta</strong></span> <span class='ocrx_word' id='word_1_142' title='bbox 626 2331 717 2394; x_wconf 90' lang='lat' dir='ltr'><strong>simul</strong></span> <span class='ocrx_word' id='word_1_143' title='bbox 752 2353 820 2396; x_wconf 90' lang='lat' dir='ltr'><strong>cum</strong></span> <span class='ocrx_word' id='word_1_144' title='bbox 851 2335 985 2399; x_wconf 88' lang='lat' dir='ltr'><strong>transitu</strong></span> <span class='ocrx_word' id='word_1_145' title='bbox 1014 2336 1166 2419; x_wconf 90' lang='lat' dir='ltr'><strong>temporis</strong></span> <span class='ocrx_word' id='word_1_146' title='bbox 1196 2342 1401 2408; x_wconf 82' lang='lat' dir='ltr'><strong>evanescant,</strong></span> <span class='ocrx_word' id='word_1_147' title='bbox 1437 2335 1571 2398; x_wconf 81' lang='lat' dir='ltr'><strong>testibus</strong></span> <span class='ocrx_word' id='word_1_148' title='bbox 1605 2337 1637 2395; x_wconf 89' lang='lat' dir='ltr'><strong>et</strong></span> <span class='ocrx_word' id='word_1_149' title='bbox 1661 2331 1814 2412; x_wconf 89' lang='lat' dir='ltr'><strong>scripture</strong></span> 
     </span>
     <span class='ocr_line' id='line_1_22' title="bbox 508 2419 1814 2507; baseline 0.001 -25"><span class='ocrx_word' id='word_1_150' title='bbox 508 2421 660 2484; x_wconf 88' lang='lat' dir='ltr'><strong>memoria</strong></span> <span class='ocrx_word' id='word_1_151' title='bbox 678 2421 779 2485; x_wconf 90' lang='lat' dir='ltr'><strong>solent</strong></span> <span class='ocrx_word' id='word_1_152' title='bbox 799 2423 998 2506; x_wconf 88' lang='lat' dir='ltr'><strong>perheuuari</strong></span> <span class='ocrx_word' id='word_1_153' title='bbox 1041 2425 1191 2507; x_wconf 88' lang='lat' dir='ltr'><strong>Hincesl,</strong></span> <span class='ocrx_word' id='word_1_154' title='bbox 1213 2425 1296 2506; x_wconf 91' lang='lat' dir='ltr'><strong>quod</strong></span> <span class='ocrx_word' id='word_1_155' title='bbox 1317 2445 1373 2489; x_wconf 91' lang='lat' dir='ltr'><strong>uos</strong></span> <span class='ocrx_word' id='word_1_156' title='bbox 1386 2423 1570 2488; x_wconf 89' lang='lat' dir='ltr'><strong>Helmoldus</strong></span> <span class='ocrx_word' id='word_1_157' title='bbox 1590 2421 1682 2484; x_wconf 92' lang='lat' dir='ltr'><strong>miles</strong></span> <span class='ocrx_word' id='word_1_158' title='bbox 1702 2419 1814 2483; x_wconf 91' lang='lat' dir='ltr'><strong>uostri-</strong></span> 
     </span>
     <span class='ocr_line' id='line_1_23' title="bbox 508 2508 1814 2595; baseline 0 -24"><span class='ocrx_word' id='word_1_159' title='bbox 508 2528 569 2590; x_wconf 90' lang='lat' dir='ltr'><strong>que</strong></span> <span class='ocrx_word' id='word_1_160' title='bbox 590 2508 645 2572; x_wconf 87' lang='lat' dir='ltr'><strong>tilii</strong></span> <span class='ocrx_word' id='word_1_161' title='bbox 669 2510 781 2591; x_wconf 84' lang='lat' dir='ltr'><strong>lleruo,</strong></span> <span class='ocrx_word' id='word_1_162' title='bbox 803 2512 969 2591; x_wconf 81' lang='lat' dir='ltr'><strong>lorrlanus,</strong></span> <span class='ocrx_word' id='word_1_163' title='bbox 991 2515 1179 2595; x_wconf 74' lang='lat' dir='ltr'><strong>Zachariae,</strong></span> <span class='ocrx_word' id='word_1_164' title='bbox 1201 2514 1416 2578; x_wconf 82' lang='lat' dir='ltr'><strong>Theodericus</strong></span> <span class='ocrx_word' id='word_1_165' title='bbox 1437 2520 1468 2576; x_wconf 92' lang='lat' dir='ltr'><strong>et</strong></span> <span class='ocrx_word' id='word_1_166' title='bbox 1489 2509 1653 2577; x_wconf 82' lang='lat' dir='ltr'><strong>Conradus</strong></span> <span class='ocrx_word' id='word_1_167' title='bbox 1673 2508 1751 2572; x_wconf 91' lang='lat' dir='ltr'><strong>dicti</strong></span> <span class='ocrx_word' id='word_1_168' title='bbox 1773 2509 1814 2572; x_wconf 89' lang='lat' dir='ltr'><strong>de</strong></span> 
     </span>
     <span class='ocr_line' id='line_1_24' title="bbox 508 2596 1814 2706; baseline 0.002 -46"><span class='ocrx_word' id='word_1_169' title='bbox 508 2598 763 2678; x_wconf 82' lang='lat' dir='ltr'><strong>hlerlrlingerode</strong></span> <span class='ocrx_word' id='word_1_170' title='bbox 793 2603 993 2702; x_wconf 80' lang='lat' dir='ltr'><strong>presentibus</strong></span> <span class='ocrx_word' id='word_1_171' title='bbox 1017 2604 1146 2706; x_wconf 83' lang='lat' dir='ltr'><strong>publice</strong></span> <span class='ocrx_word' id='word_1_172' title='bbox 1177 2610 1399 2687; x_wconf 89' lang='lat' dir='ltr'><strong>prot,estamur</strong></span> <span class='ocrx_word' id='word_1_173' title='bbox 1430 2621 1487 2666; x_wconf 84' lang='lat' dir='ltr'><strong>uros</strong></span> <span class='ocrx_word' id='word_1_174' title='bbox 1518 2596 1702 2664; x_wconf 87' lang='lat' dir='ltr'><strong>vendidisse</strong></span> <span class='ocrx_word' id='word_1_175' title='bbox 1735 2597 1814 2662; x_wconf 84' lang='lat' dir='ltr'><strong>uiris</strong></span> 
     </span>
     <span class='ocr_line' id='line_1_25' title="bbox 508 2686 1814 2790; baseline 0 -41"><span class='ocrx_word' id='word_1_176' title='bbox 508 2687 675 2790; x_wconf 85' lang='lat' dir='ltr'><strong>religiosis</strong></span> <span class='ocrx_word' id='word_1_177' title='bbox 704 2689 800 2788; x_wconf 88' lang='lat' dir='ltr'><strong>priori</strong></span> <span class='ocrx_word' id='word_1_178' title='bbox 842 2696 873 2752; x_wconf 91' lang='lat' dir='ltr'><strong>et</strong></span> <span class='ocrx_word' id='word_1_179' title='bbox 912 2693 1080 2755; x_wconf 87' lang='lat' dir='ltr'><strong>conventui</strong></span> <span class='ocrx_word' id='word_1_180' title='bbox 1118 2692 1248 2757; x_wconf 90' lang='lat' dir='ltr'><strong>l&#39;ratrum</strong></span> <span class='ocrx_word' id='word_1_181' title='bbox 1287 2692 1507 2754; x_wconf 85' lang='lat' dir='ltr'><strong>heremitarum</strong></span> <span class='ocrx_word' id='word_1_182' title='bbox 1548 2688 1669 2753; x_wconf 89' lang='lat' dir='ltr'><strong>ordinis</strong></span> <span class='ocrx_word' id='word_1_183' title='bbox 1710 2686 1814 2750; x_wconf 88' lang='lat' dir='ltr'><strong>sancti</strong></span> 
     </span>
     <span class='ocr_line' id='line_1_26' title="bbox 508 2775 1813 2855; baseline 0 -17"><span class='ocrx_word' id='word_1_184' title='bbox 508 2775 675 2855; x_wconf 80' lang='lat' dir='ltr'><strong>Augustini</strong></span> <span class='ocrx_word' id='word_1_185' title='bbox 704 2777 735 2840; x_wconf 91' lang='lat' dir='ltr'><strong>in</strong></span> <span class='ocrx_word' id='word_1_186' title='bbox 757 2777 831 2839; x_wconf 83' lang='lat' dir='ltr'><strong>l&#39;ort</strong></span> <span class='ocrx_word' id='word_1_187' title='bbox 818 2784 851 2839; x_wconf 91' lang='lat' dir='ltr'><strong>ta</strong></span> <span class='ocrx_word' id='word_1_188' title='bbox 873 2779 940 2844; x_wconf 85' lang='lat' dir='ltr'><strong>Celi</strong></span> <span class='ocrx_word' id='word_1_189' title='bbox 967 2800 1112 2845; x_wconf 91' lang='lat' dir='ltr'><strong>mausum</strong></span> <span class='ocrx_word' id='word_1_190' title='bbox 1142 2799 1237 2844; x_wconf 90' lang='lat' dir='ltr'><strong>unum</strong></span> <span class='ocrx_word' id='word_1_191' title='bbox 1267 2778 1298 2842; x_wconf 93' lang='lat' dir='ltr'><strong>in</strong></span> <span class='ocrx_word' id='word_1_192' title='bbox 1326 2777 1492 2842; x_wconf 84' lang='lat' dir='ltr'><strong>tladebere</strong></span> <span class='ocrx_word' id='word_1_193' title='bbox 1518 2775 1613 2840; x_wconf 90' lang='lat' dir='ltr'><strong>situm</strong></span> <span class='ocrx_word' id='word_1_194' title='bbox 1641 2793 1713 2839; x_wconf 92' lang='lat' dir='ltr'><strong>cum</strong></span> <span class='ocrx_word' id='word_1_195' title='bbox 1737 2793 1813 2838; x_wconf 85' lang='lat' dir='ltr'><strong>area</strong></span> 
     </span>
     <span class='ocr_line' id='line_1_27' title="bbox 509 2864 1814 2950; baseline 0.001 -24"><span class='ocrx_word' id='word_1_196' title='bbox 509 2864 626 2927; x_wconf 86' lang='lat' dir='ltr'><strong>ibidem</strong></span> <span class='ocrx_word' id='word_1_197' title='bbox 654 2883 710 2947; x_wconf 90' lang='lat' dir='ltr'><strong>pro</strong></span> <span class='ocrx_word' id='word_1_198' title='bbox 736 2864 845 2928; x_wconf 80' lang='lat' dir='ltr'>XVIII</span> <span class='ocrx_word' id='word_1_199' title='bbox 874 2868 988 2931; x_wconf 88' lang='lat' dir='ltr'><strong>marcis</strong></span> <span class='ocrx_word' id='word_1_200' title='bbox 1016 2869 1142 2948; x_wconf 89' lang='lat' dir='ltr'><strong>argenti</strong></span> <span class='ocrx_word' id='word_1_201' title='bbox 1167 2867 1343 2931; x_wconf 86' lang='lat' dir='ltr'><strong>examinati</strong></span> <span class='ocrx_word' id='word_1_202' title='bbox 1370 2865 1584 2929; x_wconf 87' lang='lat' dir='ltr'><strong>libertatistet</strong></span> <span class='ocrx_word' id='word_1_203' title='bbox 1610 2864 1814 2950; x_wconf 89' lang='lat' dir='ltr'><strong>proprietatis</strong></span> 
     </span>
     <span class='ocr_line' id='line_1_28' title="bbox 508 2953 1812 3038; baseline -0.002 -20"><span class='ocrx_word' id='word_1_204' title='bbox 508 2954 603 3036; x_wconf 89' lang='lat' dir='ltr'><strong>pleno</strong></span> <span class='ocrx_word' id='word_1_205' title='bbox 629 2953 696 3016; x_wconf 92' lang='lat' dir='ltr'><strong>iure</strong></span> <span class='ocrx_word' id='word_1_206' title='bbox 721 2975 760 3017; x_wconf 90' lang='lat' dir='ltr'><strong>ac</strong></span> <span class='ocrx_word' id='word_1_207' title='bbox 786 2956 886 3036; x_wconf 84' lang='lat' dir='ltr'><strong>tytulo</strong></span> <span class='ocrx_word' id='word_1_208' title='bbox 912 2959 1137 3022; x_wconf 86' lang='lat' dir='ltr'><strong>transferentes</strong></span> <span class='ocrx_word' id='word_1_209' title='bbox 1166 2959 1199 3021; x_wconf 94' lang='lat' dir='ltr'><strong>iu</strong></span> <span class='ocrx_word' id='word_1_210' title='bbox 1222 2976 1333 3021; x_wconf 88' lang='lat' dir='ltr'><strong>manus</strong></span> <span class='ocrx_word' id='word_1_211' title='bbox 1361 2962 1392 3019; x_wconf 89' lang='lat' dir='ltr'><strong>et</strong></span> <span class='ocrx_word' id='word_1_212' title='bbox 1416 2963 1605 3038; x_wconf 90' lang='lat' dir='ltr'><strong>potestatem</strong></span> <span class='ocrx_word' id='word_1_213' title='bbox 1631 2953 1812 3032; x_wconf 89' lang='lat' dir='ltr'><strong>eorundem,</strong></span> 
     </span>
     <span class='ocr_line' id='line_1_29' title="bbox 508 3042 1813 3129; baseline -0.001 -23"><span class='ocrx_word' id='word_1_214' title='bbox 508 3042 717 3107; x_wconf 83' lang='lat' dir='ltr'><strong>renuntiando</strong></span> <span class='ocrx_word' id='word_1_215' title='bbox 746 3047 831 3109; x_wconf 91' lang='lat' dir='ltr'><strong>omni</strong></span> <span class='ocrx_word' id='word_1_216' title='bbox 859 3046 918 3109; x_wconf 92' lang='lat' dir='ltr'><strong>iuri</strong></span> <span class='ocrx_word' id='word_1_217' title='bbox 951 3054 982 3109; x_wconf 91' lang='lat' dir='ltr'><strong>et</strong></span> <span class='ocrx_word' id='word_1_218' title='bbox 1002 3047 1204 3129; x_wconf 87' lang='lat' dir='ltr'><strong>proprietati,</strong></span> <span class='ocrx_word' id='word_1_219' title='bbox 1233 3047 1349 3127; x_wconf 90' lang='lat' dir='ltr'><strong>quaml</strong></span> <span class='ocrx_word' id='word_1_220' title='bbox 1376 3045 1408 3108; x_wconf 93' lang='lat' dir='ltr'><strong>iu</strong></span> <span class='ocrx_word' id='word_1_221' title='bbox 1431 3043 1582 3127; x_wconf 88' lang='lat' dir='ltr'><strong>predictis</strong></span> <span class='ocrx_word' id='word_1_222' title='bbox 1607 3043 1813 3120; x_wconf 84' lang='lat' dir='ltr'><strong>habebamus,</strong></span> 
     </span>
     <span class='ocr_line' id='line_1_30' title="bbox 507 3130 1812 3215; baseline 0.001 -22"><span class='ocrx_word' id='word_1_223' title='bbox 507 3132 684 3212; x_wconf 81' lang='lat' dir='ltr'><strong>obligantes</strong></span> <span class='ocrx_word' id='word_1_224' title='bbox 706 3151 763 3196; x_wconf 92' lang='lat' dir='ltr'><strong>nos</strong></span> <span class='ocrx_word' id='word_1_225' title='bbox 785 3141 817 3197; x_wconf 91' lang='grc'><strong>99</strong></span> <span class='ocrx_word' id='word_1_226' title='bbox 837 3141 959 3198; x_wconf 93' lang='lat' dir='ltr'><strong>nostros</strong></span> <span class='ocrx_word' id='word_1_227' title='bbox 981 3135 1113 3198; x_wconf 89' lang='lat' dir='ltr'><strong>heredes</strong></span> <span class='ocrx_word' id='word_1_228' title='bbox 1135 3134 1177 3199; x_wconf 87' lang='lat' dir='ltr'><strong>ad</strong></span> <span class='ocrx_word' id='word_1_229' title='bbox 1199 3133 1398 3198; x_wconf 84' lang='lat' dir='ltr'><strong>eximendum</strong></span> <span class='ocrx_word' id='word_1_230' title='bbox 1420 3142 1452 3199; x_wconf 91' lang='lat' dir='ltr'><strong>et</strong></span> <span class='ocrx_word' id='word_1_231' title='bbox 1475 3133 1661 3215; x_wconf 88' lang='lat' dir='ltr'><strong>indempnes</strong></span> <span class='ocrx_word' id='word_1_232' title='bbox 1681 3130 1812 3196; x_wconf 86' lang='lat' dir='ltr'><strong>reddeu-</strong></span> 
     </span>
     <span class='ocr_line' id='line_1_31' title="bbox 506 3219 1812 3304; baseline -0.001 -21"><span class='ocrx_word' id='word_1_233' title='bbox 506 3221 580 3284; x_wconf 91' lang='lat' dir='ltr'><strong>dum</strong></span> <span class='ocrx_word' id='word_1_234' title='bbox 607 3219 818 3304; x_wconf 86' lang='lat' dir='ltr'><strong>predictomm</strong></span> <span class='ocrx_word' id='word_1_235' title='bbox 846 3222 980 3303; x_wconf 90' lang='lat' dir='ltr'><strong>priorem</strong></span> <span class='ocrx_word' id='word_1_236' title='bbox 1006 3230 1039 3285; x_wconf 91' lang='lat' dir='ltr'><strong>et</strong></span> <span class='ocrx_word' id='word_1_237' title='bbox 1064 3229 1262 3300; x_wconf 89' lang='lat' dir='ltr'><strong>conventum,</strong></span> <span class='ocrx_word' id='word_1_238' title='bbox 1289 3222 1427 3304; x_wconf 87' lang='lat' dir='ltr'><strong>siquis,</strong></span> <span class='ocrx_word' id='word_1_239' title='bbox 1454 3221 1536 3304; x_wconf 89' lang='lat' dir='ltr'><strong>quod</strong></span> <span class='ocrx_word' id='word_1_240' title='bbox 1564 3221 1660 3300; x_wconf 91' lang='lat' dir='ltr'><strong>absit,</strong></span> <span class='ocrx_word' id='word_1_241' title='bbox 1688 3221 1812 3283; x_wconf 91' lang='lat' dir='ltr'><strong>titulum</strong></span> 
     </span>
     <span class='ocr_line' id='line_1_32' title="bbox 506 3309 1812 3395; baseline -0.002 -23"><span class='ocrx_word' id='word_1_242' title='bbox 506 3311 709 3392; x_wconf 85' lang='lat' dir='ltr'><strong>proprietatis</strong></span> <span class='ocrx_word' id='word_1_243' title='bbox 736 3329 792 3374; x_wconf 93' lang='lat' dir='ltr'><strong>seu</strong></span> <span class='ocrx_word' id='word_1_244' title='bbox 826 3311 907 3374; x_wconf 90' lang='lat' dir='ltr'><strong>alias</strong></span> <span class='ocrx_word' id='word_1_245' title='bbox 939 3311 1143 3376; x_wconf 89' lang='lat' dir='ltr'><strong>condiciones</strong></span> <span class='ocrx_word' id='word_1_246' title='bbox 1174 3311 1385 3395; x_wconf 85' lang='lat' dir='ltr'><strong>predictorum</strong></span> <span class='ocrx_word' id='word_1_247' title='bbox 1413 3312 1515 3376; x_wconf 91' lang='lat' dir='ltr'><strong>mansi</strong></span> <span class='ocrx_word' id='word_1_248' title='bbox 1549 3315 1580 3374; x_wconf 91' lang='lat' dir='ltr'><strong>et</strong></span> <span class='ocrx_word' id='word_1_249' title='bbox 1612 3311 1698 3374; x_wconf 89' lang='lat' dir='ltr'><strong>curie</strong></span> <span class='ocrx_word' id='word_1_250' title='bbox 1730 3309 1812 3373; x_wconf 86' lang='lat' dir='ltr'><strong>iutra</strong></span> 
     </span>
     <span class='ocr_line' id='line_1_33' title="bbox 506 3397 1814 3482; baseline 0.002 -24"><span class='ocrx_word' id='word_1_251' title='bbox 506 3408 630 3479; x_wconf 87' lang='lat' dir='ltr'><strong>tempus</strong></span> <span class='ocrx_word' id='word_1_252' title='bbox 665 3397 905 3480; x_wconf 87' lang='lat' dir='ltr'><strong>prescriptionis</strong></span> <span class='ocrx_word' id='word_1_253' title='bbox 945 3398 1024 3482; x_wconf 91' lang='lat' dir='ltr'><strong>ipsis</strong></span> <span class='ocrx_word' id='word_1_254' title='bbox 1054 3419 1075 3462; x_wconf 88' lang='lat' dir='ltr'><strong>a</strong></span> <span class='ocrx_word' id='word_1_255' title='bbox 1109 3399 1176 3462; x_wconf 90' lang='lat' dir='ltr'><strong>iure</strong></span> <span class='ocrx_word' id='word_1_256' title='bbox 1213 3401 1368 3463; x_wconf 90' lang='lat' dir='ltr'><strong>communi</strong></span> <span class='ocrx_word' id='word_1_257' title='bbox 1403 3397 1587 3482; x_wconf 86' lang='lat' dir='ltr'><strong>deputatum</strong></span> <span class='ocrx_word' id='word_1_258' title='bbox 1620 3403 1814 3482; x_wconf 85' lang='lat' dir='ltr'><strong>presumeret</strong></span> 
     </span>
     <span class='ocr_line' id='line_1_34' title="bbox 506 3485 1813 3573; baseline 0.001 -24"><span class='ocrx_word' id='word_1_259' title='bbox 506 3487 684 3568; x_wconf 81' lang='lat' dir='ltr'><strong>inpugnare</strong></span> <span class='ocrx_word' id='word_1_260' title='bbox 704 3493 758 3549; x_wconf 87' lang='lat' dir='ltr'><strong>aut</strong></span> <span class='ocrx_word' id='word_1_261' title='bbox 779 3485 974 3552; x_wconf 88' lang='lat' dir='ltr'><strong>molestando</strong></span> <span class='ocrx_word' id='word_1_262' title='bbox 997 3488 1223 3573; x_wconf 84' lang='lat' dir='ltr'><strong>dampuilicarc</strong></span> <span class='ocrx_word' id='word_1_263' title='bbox 1245 3489 1410 3552; x_wconf 88' lang='lat' dir='ltr'><strong>occasione</strong></span> <span class='ocrx_word' id='word_1_264' title='bbox 1432 3487 1610 3552; x_wconf 87' lang='lat' dir='ltr'><strong>eorundem.</strong></span> <span class='ocrx_word' id='word_1_265' title='bbox 1664 3489 1701 3552; x_wconf 91' lang='lat' dir='ltr'><strong>ln</strong></span> <span class='ocrx_word' id='word_1_266' title='bbox 1723 3487 1813 3551; x_wconf 90' lang='lat' dir='ltr'><strong>cuius</strong></span> 
     </span>
     <span class='ocr_line' id='line_1_35' title="bbox 508 3573 1811 3658; baseline 0 -20"><span class='ocrx_word' id='word_1_267' title='bbox 508 3573 636 3655; x_wconf 80' lang='lat' dir='ltr'><strong>(pridem</strong></span> <span class='ocrx_word' id='word_1_268' title='bbox 655 3575 866 3655; x_wconf 79' lang='lat' dir='ltr'><strong>venditionis,</strong></span> <span class='ocrx_word' id='word_1_269' title='bbox 888 3577 1129 3642; x_wconf 88' lang='lat' dir='ltr'><strong>renuntiationis</strong></span> <span class='ocrx_word' id='word_1_270' title='bbox 1150 3589 1182 3642; x_wconf 91' lang='lat' dir='ltr'><strong>et</strong></span> <span class='ocrx_word' id='word_1_271' title='bbox 1203 3578 1406 3658; x_wconf 85' lang='lat' dir='ltr'><strong>obligationis</strong></span> <span class='ocrx_word' id='word_1_272' title='bbox 1427 3577 1653 3641; x_wconf 90' lang='lat' dir='ltr'><strong>munimentum</strong></span> <span class='ocrx_word' id='word_1_273' title='bbox 1673 3583 1811 3640; x_wconf 90' lang='lat' dir='ltr'><strong>nostrum</strong></span> 
     </span>
     <span class='ocr_line' id='line_1_36' title="bbox 510 3663 1812 3749; baseline 0.002 -23"><span class='ocrx_word' id='word_1_274' title='bbox 510 3663 664 3745; x_wconf 81' lang='lat' dir='ltr'><strong>sigillum,</strong></span> <span class='ocrx_word' id='word_1_275' title='bbox 693 3664 795 3746; x_wconf 90' lang='lat' dir='ltr'><strong>patris</strong></span> <span class='ocrx_word' id='word_1_276' title='bbox 815 3664 966 3730; x_wconf 80' lang='lat' dir='ltr'><strong>videlicet</strong></span> <span class='ocrx_word' id='word_1_277' title='bbox 986 3667 1058 3730; x_wconf 89' lang='lat' dir='ltr'><strong>vice</strong></span> <span class='ocrx_word' id='word_1_278' title='bbox 1082 3668 1236 3746; x_wconf 89' lang='lat' dir='ltr'><strong>omnium,</strong></span> <span class='ocrx_word' id='word_1_279' title='bbox 1263 3665 1463 3748; x_wconf 88' lang='lat' dir='ltr'><strong>presentibus</strong></span> <span class='ocrx_word' id='word_1_280' title='bbox 1485 3664 1631 3729; x_wconf 82' lang='lat' dir='ltr'><strong>duximus</strong></span> <span class='ocrx_word' id='word_1_281' title='bbox 1652 3685 1812 3749; x_wconf 93' lang='lat' dir='ltr'><strong>apponen-</strong></span> 
     </span>
     <span class='ocr_line' id='line_1_37' title="bbox 512 3752 1813 3836; baseline 0.002 -21"><span class='ocrx_word' id='word_1_282' title='bbox 512 3753 595 3815; x_wconf 89' lang='lat' dir='ltr'><strong>dum.</strong></span> <span class='ocrx_word' id='word_1_283' title='bbox 632 3752 847 3817; x_wconf 83' lang='lat' dir='ltr'><strong>PredIctornm</strong></span> <span class='ocrx_word' id='word_1_284' title='bbox 863 3756 1001 3818; x_wconf 89' lang='lat' dir='ltr'><strong>omnium</strong></span> <span class='ocrx_word' id='word_1_285' title='bbox 1016 3763 1048 3819; x_wconf 88' lang='lat' dir='ltr'><strong>et</strong></span> <span class='ocrx_word' id='word_1_286' title='bbox 1059 3756 1252 3836; x_wconf 89' lang='lat' dir='ltr'><strong>singulorum</strong></span> <span class='ocrx_word' id='word_1_287' title='bbox 1266 3761 1361 3818; x_wconf 88' lang='lat' dir='ltr'><strong>testes</strong></span> <span class='ocrx_word' id='word_1_288' title='bbox 1374 3755 1480 3818; x_wconf 66' lang='lat' dir='ltr'><strong>santi:</strong></span> <span class='ocrx_word' id='word_1_289' title='bbox 1500 3753 1645 3818; x_wconf 91' lang='lat' dir='ltr'><strong>dominus</strong></span> <span class='ocrx_word' id='word_1_290' title='bbox 1656 3755 1813 3819; x_wconf 90' lang='lat' dir='ltr'><strong>lohannes</strong></span> 
     </span>
     <span class='ocr_line' id='line_1_38' title="bbox 510 3841 1813 3922; baseline 0.002 -18"><span class='ocrx_word' id='word_1_291' title='bbox 510 3850 542 3904; x_wconf 90' lang='lat' dir='ltr'><strong>et</strong></span> <span class='ocrx_word' id='word_1_292' title='bbox 563 3842 708 3905; x_wconf 92' lang='lat' dir='ltr'><strong>dominus</strong></span> <span class='ocrx_word' id='word_1_293' title='bbox 728 3842 821 3905; x_wconf 83' lang='lat' dir='ltr'><strong>Auno</strong></span> <span class='ocrx_word' id='word_1_294' title='bbox 846 3841 887 3906; x_wconf 88' lang='lat' dir='ltr'><strong>de</strong></span> <span class='ocrx_word' id='word_1_295' title='bbox 912 3843 1127 3907; x_wconf 88' lang='lat' dir='ltr'><strong>Harthesrode</strong></span> <span class='ocrx_word' id='word_1_296' title='bbox 1153 3843 1283 3922; x_wconf 88' lang='lat' dir='ltr'><strong>milites;</strong></span> <span class='ocrx_word' id='word_1_297' title='bbox 1313 3842 1466 3907; x_wconf 85' lang='lat' dir='ltr'><strong>Henrr&#39;cus</strong></span> <span class='ocrx_word' id='word_1_298' title='bbox 1493 3849 1525 3905; x_wconf 93' lang='lat' dir='ltr'><strong>et</strong></span> <span class='ocrx_word' id='word_1_299' title='bbox 1546 3841 1691 3907; x_wconf 84' lang='lat' dir='ltr'><strong>Siffridus</strong></span> <span class='ocrx_word' id='word_1_300' title='bbox 1711 3842 1813 3906; x_wconf 88' lang='lat' dir='ltr'><strong>Rurik</strong></span> 
     </span>
     <span class='ocr_line' id='line_1_39' title="bbox 509 3929 1393 4011; baseline 0 -19"><span class='ocrx_word' id='word_1_301' title='bbox 509 3936 540 3992; x_wconf 92' lang='lat' dir='ltr'><strong>et</strong></span> <span class='ocrx_word' id='word_1_302' title='bbox 562 3929 718 4009; x_wconf 73' lang='lat' dir='ltr'><strong>h&#39;ycolaus</strong></span> <span class='ocrx_word' id='word_1_303' title='bbox 739 3929 779 3993; x_wconf 80' lang='lat' dir='ltr'><strong>‹lc</strong></span> <span class='ocrx_word' id='word_1_304' title='bbox 800 3929 969 4011; x_wconf 76' lang='lat' dir='ltr'><strong>Ronstetle,</strong></span> <span class='ocrx_word' id='word_1_305' title='bbox 991 3932 1079 3996; x_wconf 86' lang='lat' dir='ltr'><strong>cives</strong></span> <span class='ocrx_word' id='word_1_306' title='bbox 1099 3931 1393 3995; x_wconf 81' lang='lat' dir='ltr'><strong>llalberstadenses.</strong></span> 
     </span>
    </p>

    <p class='ocr_par' dir='ltr' id='par_1_8' title="bbox 586 4019 1615 4100">
     <span class='ocr_line' id='line_1_40' title="bbox 586 4019 1615 4100; baseline 0.004 -22"><span class='ocrx_word' id='word_1_307' title='bbox 586 4021 668 4080; x_wconf 77' lang='lat' dir='ltr'><strong>ricta</strong></span> <span class='ocrx_word' id='word_1_308' title='bbox 686 4026 759 4080; x_wconf 88' lang='lat' dir='ltr'><strong>sunt</strong></span> <span class='ocrx_word' id='word_1_309' title='bbox 780 4019 838 4083; x_wconf 91' lang='lat' dir='ltr'><strong>hec</strong></span> <span class='ocrx_word' id='word_1_310' title='bbox 860 4041 943 4084; x_wconf 88' lang='lat' dir='ltr'><strong>auno</strong></span> <span class='ocrx_word' id='word_1_311' title='bbox 963 4020 1206 4094; x_wconf 79' lang='lat' dir='ltr'><strong>M⁰CCC⁰XIX0,</strong></span> <span class='ocrx_word' id='word_1_312' title='bbox 1225 4021 1265 4084; x_wconf 89' lang='lat' dir='ltr'><strong>V⁰</strong></span> <span class='ocrx_word' id='word_1_313' title='bbox 1286 4019 1358 4084; x_wconf 89' lang='lat' dir='ltr'><strong>idus</strong></span> <span class='ocrx_word' id='word_1_314' title='bbox 1379 4019 1523 4100; x_wconf 88' lang='lat' dir='ltr'><strong>lugusti</strong></span> <span class='ocrx_word' id='word_1_315' title='bbox 1612 4083 1615 4090; x_wconf 76' lang='grc'><strong>,</strong></span> 
     </span>
    </p>
   </div>
   <div class='ocr_carea' id='block_1_7' title="bbox 508 4115 1812 4330">
    <p class='ocr_par' dir='ltr' id='par_1_9' title="bbox 508 4115 1812 4330">
     <span class='ocr_line' id='line_1_41' title="bbox 584 4115 1812 4186; baseline 0.003 -18"><span class='ocrx_word' id='word_1_316' title='bbox 584 4115 688 4169; x_wconf 84' lang='lat' dir='ltr'><strong>lrschr.</strong></span> <span class='ocrx_word' id='word_1_317' title='bbox 711 4119 1072 4173; x_wconf 71' lang='grc'><strong>999999·99991999999999999999999</strong></span> <span class='ocrx_word' id='word_1_318' title='bbox 1096 4121 1150 4173; x_wconf 76' lang='lat' dir='ltr'><strong>bul</strong></span> <span class='ocrx_word' id='word_1_319' title='bbox 1152 4119 1298 4172; x_wconf 71' lang='lat' dir='ltr'><strong>artedunum</strong></span> <span class='ocrx_word' id='word_1_320' title='bbox 1316 4119 1361 4171; x_wconf 83' lang='lat' dir='ltr'><strong>beu·</strong></span> <span class='ocrx_word' id='word_1_321' title='bbox 1362 4120 1424 4186; x_wconf 79' lang='lat' dir='ltr'><strong>opi.</strong></span> <span class='ocrx_word' id='word_1_322' title='bbox 1438 4119 1468 4170; x_wconf 70' lang='lat' dir='ltr'><strong>Iu</strong></span> <span class='ocrx_word' id='word_1_323' title='bbox 1471 4118 1555 4171; x_wconf 77' lang='grc'><strong>9999199</strong></span> <span class='ocrx_word' id='word_1_324' title='bbox 1558 4118 1645 4186; x_wconf 72' lang='lat' dir='ltr'><strong>liusq</strong></span> <span class='ocrx_word' id='word_1_325' title='bbox 1647 4121 1761 4175; x_wconf 74' lang='lat' dir='ltr'><strong>leuchae</strong></span> <span class='ocrx_word' id='word_1_326' title='bbox 1777 4137 1812 4173; x_wconf 83' lang='lat' dir='ltr'><strong>:rr</strong></span> 
     </span>
     <span class='ocr_line' id='line_1_42' title="bbox 518 4187 1810 4258; baseline 0.004 -20"><span class='ocrx_word' id='word_1_327' title='bbox 518 4187 549 4239; x_wconf 91' lang='lat' dir='ltr'><strong>ll&#39;</strong></span> <span class='ocrx_word' id='word_1_328' title='bbox 548 4187 700 4252; x_wconf 61' lang='lat' dir='ltr'><strong>wulsrrrbtrttel</strong></span> <span class='ocrx_word' id='word_1_329' title='bbox 718 4189 766 4240; x_wconf 77' lang='grc'><strong>99999</strong></span> <span class='ocrx_word' id='word_1_330' title='bbox 792 4189 850 4241; x_wconf 77' lang='lat' dir='ltr'><strong>(iem</strong></span> <span class='ocrx_word' id='word_1_331' title='bbox 869 4189 1108 4257; x_wconf 72' lang='lat' dir='ltr'><strong>S&#39;iepelslcbrmlds</strong></span> <span class='ocrx_word' id='word_1_332' title='bbox 1127 4207 1177 4243; x_wconf 81' lang='grc'><strong>9999</strong></span> <span class='ocrx_word' id='word_1_333' title='bbox 1197 4189 1419 4258; x_wconf 79' lang='lat' dir='ltr'><strong>illurlrlr&#39;uperorlr.</strong></span> <span class='ocrx_word' id='word_1_334' title='bbox 1465 4190 1518 4258; x_wconf 87' lang='lat' dir='ltr'><strong>l&#39;pl</strong></span> <span class='ocrx_word' id='word_1_335' title='bbox 1538 4190 1664 4245; x_wconf 65' lang='lat' dir='ltr'><strong>circuibit</strong></span> <span class='ocrx_word' id='word_1_336' title='bbox 1684 4191 1810 4245; x_wconf 76' lang='lat' dir='ltr'><strong>Zcu&#39;tsclrr.</strong></span> 
     </span>
     <span class='ocr_line' id='line_1_43' title="bbox 508 4257 1326 4330; baseline 0.001 -20"><span class='ocrx_word' id='word_1_337' title='bbox 508 4257 535 4310; x_wconf 84' lang='lat' dir='ltr'><strong>d.</strong></span> <span class='ocrx_word' id='word_1_338' title='bbox 555 4257 630 4310; x_wconf 86' lang='lat' dir='ltr'><strong>Huu·</strong></span> <span class='ocrx_word' id='word_1_339' title='bbox 623 4273 683 4310; x_wconf 58' lang='lat' dir='ltr'><strong>recu</strong></span> <span class='ocrx_word' id='word_1_340' title='bbox 702 4258 1326 4330; x_wconf 29' lang='grc' dir='ltr'><strong>1918999999999999991999999999999Μ999999</strong></span> 
     </span>
    </p>
   </div>
   <div class='ocr_carea' id='block_1_8' title="bbox 511 4351 1812 4564">
    <p class='ocr_par' dir='ltr' id='par_1_10' title="bbox 511 4351 1812 4563">
     <span class='ocr_line' id='line_1_44' title="bbox 582 4351 1812 4426; baseline 0.005 -21"><span class='ocrx_word' id='word_1_341' title='bbox 582 4354 608 4415; x_wconf 84' lang='lat' dir='ltr'><strong>l)</strong></span> <span class='ocrx_word' id='word_1_342' title='bbox 632 4353 790 4422; x_wconf 77' lang='lat' dir='ltr'><strong>hreprsiupl.</strong></span> <span class='ocrx_word' id='word_1_343' title='bbox 809 4356 891 4407; x_wconf 84' lang='lat' dir='ltr'><strong>stouul</strong></span> <span class='ocrx_word' id='word_1_344' title='bbox 908 4358 984 4424; x_wconf 84' lang='lat' dir='ltr'><strong>qrrod,</strong></span> <span class='ocrx_word' id='word_1_345' title='bbox 1003 4373 1059 4410; x_wconf 82' lang='lat' dir='ltr'><strong>uras</strong></span> <span class='ocrx_word' id='word_1_346' title='bbox 1078 4358 1141 4410; x_wconf 76' lang='lat' dir='ltr'><strong>aher</strong></span> <span class='ocrx_word' id='word_1_347' title='bbox 1158 4351 1221 4425; x_wconf 72' lang='grc'><strong>9999]</strong></span> <span class='ocrx_word' id='word_1_348' title='bbox 1247 4357 1350 4424; x_wconf 72' lang='lat' dir='ltr'><strong>(quiam)</strong></span> <span class='ocrx_word' id='word_1_349' title='bbox 1375 4354 1503 4424; x_wconf 76' lang='lat' dir='ltr'><strong>periculo-rt</strong></span> <span class='ocrx_word' id='word_1_350' title='bbox 1529 4355 1581 4419; x_wconf 83' lang='lat' dir='ltr'><strong>u&#39;st,</strong></span> <span class='ocrx_word' id='word_1_351' title='bbox 1553 4355 1737 4408; x_wconf 72' lang='grc'><strong>9999999999</strong></span> <span class='ocrx_word' id='word_1_352' title='bbox 1761 4373 1812 4426; x_wconf 89' lang='lat' dir='ltr'><strong>que</strong></span> 
     </span>
     <span class='ocr_line' id='line_1_45' title="bbox 511 4424 1812 4492; baseline 0.002 -16"><span class='ocrx_word' id='word_1_353' title='bbox 511 4425 537 4477; x_wconf 82' lang='lat' dir='ltr'><strong>In</strong></span> <span class='ocrx_word' id='word_1_354' title='bbox 536 4429 583 4475; x_wconf 81' lang='lat' dir='ltr'><strong>&#39;ille</strong></span> <span class='ocrx_word' id='word_1_355' title='bbox 608 4424 772 4491; x_wconf 58' lang='lat' dir='ltr'><strong>perr-*terrebere</strong></span> <span class='ocrx_word' id='word_1_356' title='bbox 798 4426 900 4478; x_wconf 77' lang='lat' dir='ltr'><strong>tcerrleur</strong></span> <span class='ocrx_word' id='word_1_357' title='bbox 928 4428 1080 4479; x_wconf 77' lang='grc'><strong>9999999.-</strong></span> <span class='ocrx_word' id='word_1_358' title='bbox 1108 4429 1136 4482; x_wconf 74' lang='grc'><strong>29</strong></span> <span class='ocrx_word' id='word_1_359' title='bbox 1163 4427 1218 4479; x_wconf 79' lang='lat' dir='ltr'><strong>l&#39;our</strong></span> <span class='ocrx_word' id='word_1_360' title='bbox 1242 4427 1299 4478; x_wconf 79' lang='grc'><strong>19999·</strong></span> <span class='ocrx_word' id='word_1_361' title='bbox 1317 4427 1374 4478; x_wconf 79' lang='lat' dir='ltr'><strong>cirre</strong></span> <span class='ocrx_word' id='word_1_362' title='bbox 1396 4425 1506 4485; x_wconf 44' lang='lat' dir='ltr'><strong>(rurrleuqe</strong></span> <span class='ocrx_word' id='word_1_363' title='bbox 1531 4425 1654 4492; x_wconf 76' lang='lat' dir='ltr'><strong>urortpoo</strong></span> <span class='ocrx_word' id='word_1_364' title='bbox 1681 4425 1812 4480; x_wconf 67' lang='lat' dir='ltr'><strong>baselae-n</strong></span> 
     </span>
     <span class='ocr_line' id='line_1_46' title="bbox 511 4495 1149 4564; baseline 0.008 -21"><span class='ocrx_word' id='word_1_365' title='bbox 511 4496 569 4548; x_wconf 78' lang='lat' dir='ltr'><strong>Zer&#39;t</strong></span> <span class='ocrx_word' id='word_1_366' title='bbox 587 4495 743 4564; x_wconf 77' lang='lat' dir='ltr'><strong>rrrprlrbrr&#39;pc</strong></span> <span class='ocrx_word' id='word_1_367' title='bbox 761 4495 848 4547; x_wconf 79' lang='lat' dir='ltr'><strong>Hand</strong></span> <span class='ocrx_word' id='word_1_368' title='bbox 866 4496 925 4548; x_wconf 77' lang='lat' dir='ltr'><strong>aad</strong></span> <span class='ocrx_word' id='word_1_369' title='bbox 942 4498 1040 4549; x_wconf 81' lang='grc'><strong>99999999</strong></span> <span class='ocrx_word' id='word_1_370' title='bbox 1056 4497 1149 4550; x_wconf 75' lang='lat' dir='ltr'><strong>Dente.</strong></span> 
     </span>
    </p>
   </div>
   <div class='ocr_carea' id='block_1_9' title="bbox 0 0 2234 5167">
    <p class='ocr_par' dir='ltr' id='par_1_11' title="bbox 0 0 2234 5167">
     <span class='ocr_line' id='line_1_47' title="bbox 0 0 2234 5167; baseline 0 0"><span class='ocrx_word' id='word_1_371' title='bbox 0 0 2234 5167; x_wconf 95' lang='lat' dir='ltr'><strong> </strong></span> 
     </span>
    </p>
   </div>
  </div>
 </body>
</html>
