4459 5167
515 357 564 413 114
826 348 989 417 Augustiner
1007 346 1258 401 Eiusiedlerldoster
1275 344 1504 415 Himmelpforten.

511 550 624 634 1284.
650 544 758 631 uum
778 544 842 626 24.
896 540 1191 623 Halberstadt
1750 540 1817 622 26.

619 682 750 758 Volrud,
779 679 916 758 Biscbof
930 696 988 740 vion
1008 676 1232 752 Halbcrstodt,
1265 677 1375 739 nimmt
1399 676 1585 756 dfcjcnipen,
1613 676 1736 752 wclcbe,
1762 696 1820 737 asoa

612 780 726 845 Abram
745 796 786 841 aa
808 776 980 850 ocrdiencn,
1003 774 1083 836 nach
1105 775 1161 837 der
1176 773 1409 855 Himnrclpsonfc
1428 773 1636 854 wallfubrlen,
1655 775 1692 835 in
1709 774 1817 835 seiam

611 878 738 952 Sobata,
761 875 859 937 bunun
878 872 1014 951 vlopcpcn
1035 870 1113 947 olle,
1143 872 1194 934 dic
1215 870 1279 935 sicb
1300 892 1344 933 aa
1365 871 1469 934 diesen
1488 870 1561 934 oder
1582 872 1676 933 dcrea
1696 870 1817 935 Sucbea

609 975 790 1057 vcrpreifen.

589 1094 746 1163 Volradus
778 1086 830 1153 dei
859 1085 965 1168 gratia
985 1084 1265 1149 Halberstadensis
1290 1084 1423 1149 ecclesie
1454 1084 1623 1167 episcopus
1659 1084 1818 1148 universis

510 1180 790 1257 christifidelibus
811 1174 966 1241 audituris
987 1174 1155 1258 presencia
1175 1194 1230 1238 sen
1250 1174 1366 1237 visuris
1387 1173 1520 1238 salutem
1539 1174 1571 1236 in
1592 1174 1720 1239 domino
1735 1193 1818 1237 seru·

508 1283 673 1366 piternam.
714 1266 818 1336 Officii
840 1264 938 1329 nostri
961 1261 1103 1326 debitum
1125 1262 1273 1327 remediis
1295 1262 1444 1345 invigilat
1464 1262 1684 1328 subiectorum.
1737 1263 1816 1326 Cum

507 1372 592 1436 enirn
614 1382 721 1429 eorum
741 1355 917 1421 excutimus
939 1372 1050 1431 onera,
1072 1350 1147 1415 dum
1168 1350 1320 1415 scaudala
1341 1371 1549 1432 removemus,
1572 1352 1649 1415 dnm
1675 1354 1817 1433 requiem

508 1470 729 1544 preparemus,
760 1464 817 1510 nos
838 1446 871 1507 in
893 1461 998 1507 eorum
1021 1441 1128 1523 quiete
1149 1441 1418 1523 [requlieseimnsl
1447 1449 1479 1505 et
1499 1442 1642 1505 fovemur
1667 1441 1700 1505 in
1726 1460 1817 1523 pace.

507 1548 591 1613 Hinc
616 1546 678 1618 est,
707 1534 791 1617 quod
817 1552 887 1597 cum
914 1550 954 1595 ex
982 1528 1197 1594 sollicitudine
1222 1530 1318 1593 officii
1346 1531 1516 1613 pastoralis
1549 1531 1695 1595 omnibus
1725 1531 1817 1613 pacis

506 1630 767 1715 tranquillitatem
790 1639 961 1707 preparare
982 1616 1171 1698 debeamus,
1200 1618 1266 1683 illis
1292 1625 1398 1682 tamen
1421 1620 1523 1700 magis
1547 1639 1655 1683 sumus
1675 1620 1815 1695 obnoxii,

507 1724 561 1807 qui
588 1740 623 1785 se
656 1714 840 1796 mancipant
875 1707 1035 1790 obsequiis
1068 1707 1162 1770 lbcsu
1193 1707 1310 1771 Christi
1337 1727 1393 1789 pro
1425 1708 1573 1772 remediis
1603 1714 1816 1792 peccatorum.

506 1814 556 1878 De
577 1802 803 1889 omnipotentis
824 1799 921 1880 igitur
941 1797 993 1861 dci
1021 1796 1240 1860 misericordia
1266 1796 1426 1877 omnibus,
1451 1800 1505 1878 qui
1531 1816 1589 1881 pro
1616 1797 1818 1878 indulgentia

507 1901 548 1967 ad
570 1900 696 1963 Portam
719 1889 787 1955 Celi
809 1888 923 1951 devote
945 1885 1164 1963 convenerint,
1187 1885 1323 1948 bannum
1345 1892 1485 1948 nostrum
1502 1885 1673 1966 adicimus,
1695 1894 1729 1949 ut
1749 1886 1817 1966 qui-

506 2005 629 2068 cunque
658 2000 712 2047 eos
740 1979 772 2041 in
799 1975 894 2041 rebus
928 1992 984 2037 seu
1014 1991 1144 2053 corpore
1174 1971 1398 2049 offenderint2,
1429 1981 1536 2038 tenore
1562 1975 1756 2056 presentium
1781 1974 1815 2037 in

505 2076 633 2141 nomine
658 2070 759 2153 patris
785 2071 817 2129 et
849 2063 905 2126 filii
934 2068 966 2125 et
993 2060 1124 2143 spiritus
1153 2061 1256 2124 sancti
1292 2061 1357 2124 iam
1389 2062 1724 2126 excommunicationis
1752 2061 1818 2125 late

506 2161 662 2231 sententie
682 2157 826 2221 volumus
847 2151 1019 2215 subiacere.
1062 2150 1098 2213 ln
1121 2149 1209 2213 cuius
1225 2150 1268 2213 rei
1292 2150 1504 2213 testimonium
1525 2158 1703 2233 presentem
1724 2151 1816 2234 pagi-

506 2272 579 2319 nam
601 2246 698 2331 sigilli
720 2242 818 2309 nostri
840 2238 1014 2304 munimine
1034 2238 1227 2302 roboramus.

587 2339 705 2402 Datum
734 2332 933 2410 Halberstat,
960 2346 1043 2392 anno
1070 2325 1191 2391 domini
1211 2326 1541 2409 M⁰CC⁰LXXXllll⁰,
1569 2328 1601 2392 in
1623 2330 1677 2395 die
1700 2329 1815 2393 nativi-

506 2431 583 2497 tatis
605 2422 706 2491 sanoti
728 2419 881 2485 lobannis
901 2418 1050 2501 baptiste.

583 2541 687 2597 (lracbr.
710 2537 799 2591 Wcra.
821 2552 860 2588 aa
883 2533 1019 2587 mebrerea
1038 2532 1137 2587 Stellam
1159 2535 1308 2600 calcassem.
1348 2533 1409 2587 Dos
1430 2550 1469 2586 aa
1489 2534 1756 2604 Perparneatstrcisen
1775 2536 1815 2589 be·

506 2614 596 2683 festipt
611 2624 741 2679 persensae
759 2606 842 2675 Siepcl
859 2604 896 2657 iat
913 2604 988 2657 aicbt
1009 2603 1084 2657 mdo
1107 2603 1266 2657 aorlruaden.
1310 2603 1368 2656 Voa
1384 2604 1539 2658 amambolb
1557 2622 1606 2658 ton
1624 2607 1693 2658 alter
1712 2606 1815 2658 Horul:

506 2688 558 2741 Per
579 2683 700 2737 litteram
718 2678 800 2732 istam
818 2672 1082 2730 excommunicantur
1100 2689 1203 2737 omnes,
1223 2674 1269 2741 qui
1286 2674 1396 2728 luserint
1415 2675 1550 2729 venientes
1570 2678 1605 2729 ad
1624 2676 1815 2744 indulgendam

505 2756 628 2811 fratrum.

536 2858 605 2984 topi)
623 2854 677 2979 Dite
695 2857 762 2907 erata
779 2850 876 2917 Hr'i-lsse
892 2848 938 2905 dea
957 2849 1046 2903 Worta
1070 2849 1107 2903 lat
1134 2847 1166 2903 ia
1189 2848 1236 2903 der
1259 2849 1322 2903 Ura
1346 2850 1535 2918 roeppesrcaaen.
1554 2881 1589 2888 -
1608 2850 1636 2913 2)
1655 2851 1812 2906 floridacbr.

506 2946 534 2987 oa
565 2944 582 2982 n
600 2942 679 2981 erm.

1037 3029 1288 3037 ——-—-—-—

509 3082 625 3167 1284.
651 3081 679 3163 J
683 3078 759 3161 unl
777 3076 839 3159 25.
1752 3080 1812 3162 27.

610 3213 752 3279 Dictricb
772 3234 831 3278 oon
848 3212 1034 3289 llmsserodc,
1057 3212 1168 3288 auctor,
1190 3212 1315 3276 scbcalrt
1334 3214 1394 3275 dcun
1414 3203 1566 3277 Brddma
1586 3233 1646 3277 aar
1663 3213 1815 3277 Himmel-

606 3315 709 3393 plotio
727 3312 811 3374 seinte
832 3310 990 3391 dispendeat
1014 3310 1114 3374 (litter
1134 3330 1176 3373 aa
1196 3308 1380 3373 Hosscrode.

589 3429 754 3495 Universis
781 3447 912 3512 presens
945 3427 1095 3511 scriptum
1126 3426 1242 3490 visuris
1269 3426 1485 3490 Theodericus
1520 3427 1610 3491 miles
1643 3426 1747 3491 dictus
1773 3427 1814 3492 de

507 3518 722 3585 Hartlresrode
743 3518 855 3583 salutis
876 3517 1113 3581 incrementum.
1155 3515 1224 3592 Qne
1248 3522 1398 3596 geruntur
1423 3516 1632 3599 intempore,
1659 3536 1698 3581 ne
1712 3519 1813 3583 simul

507 3630 577 3675 cum
599 3614 740 3691 tempore
761 3612 962 3685 evanescant,
983 3605 1057 3688 poni
1079 3605 1183 3668 solent
1196 3605 1227 3666 in
1247 3624 1300 3667 ore
1311 3604 1436 3667 testium
1452 3614 1506 3668 aut
1524 3606 1678 3689 scripture
1698 3625 1813 3670 memo-

507 3698 557 3762 ria
578 3693 776 3780 perhennari.
819 3693 901 3756 Hinc
922 3700 979 3772 est,
1001 3691 1084 3773 quod
1105 3692 1149 3755 ad
1169 3691 1318 3755 noticiam
1331 3693 1547 3755 universorum
1566 3693 1704 3757 fidelium
1726 3696 1813 3779 cupi-

507 3805 576 3849 mus
596 3785 773 3867 pervenire,
797 3781 881 3864 quod
903 3801 963 3864 ego
985 3800 1055 3844 curn
1077 3782 1227 3845 fratribus
1249 3782 1327 3845 meis
1347 3783 1480 3845 Annene
1501 3789 1533 3845 et
1552 3781 1685 3846 Ludolfo
1706 3785 1814 3849 militi-

507 3877 567 3940 bus
587 3874 628 3937 ob
649 3872 863 3938 reverenciam
884 3870 936 3935 dei
958 3872 1088 3951 eiusque
1104 3870 1214 3934 matris
1226 3869 1366 3950 Virginis
1379 3870 1515 3950 gloriose
1526 3870 1585 3935 hoc
1597 3890 1661 3935 una
1675 3892 1714 3937 ac
1724 3872 1815 3938 firma

508 3962 705 4028 decrevimus
725 3962 897 4041 voluntate,
917 3958 992 4022 dnm
1014 3960 1097 4023 bona
1116 3966 1226 4022 nostra
1247 3958 1444 4040 partiremur,
1465 3958 1548 4039 quod
1570 3960 1745 4044 cuicunque
1766 3983 1815 4027 ce-

508 4050 821 4116 deretHarthcsrode
845 4049 913 4133 ipse
934 4046 1089 4131 reciperet
1110 4046 1326 4110 fratresPortc
1340 4045 1407 4109 Ccli
1429 4045 1471 4109 ad
1493 4066 1582 4111 suam
1596 4050 1813 4118 defensionem

507 4160 546 4204 ao
557 4138 799 4203 sollicitudinem
812 4137 993 4220 specialem,
1004 4135 1085 4200 dans
1093 4135 1213 4199 eisdem
1224 4135 1350 4217 plenam
1360 4134 1549 4214 libertatem,
1559 4156 1634 4202 usus
1643 4158 1814 4221 nemorum,

507 4246 687 4311 camporum
709 4245 747 4291 ao
767 4245 955 4309 pascuarum
977 4244 1014 4289 eo
1036 4226 1112 4304 inre,
1134 4243 1195 4305 quo
1217 4224 1286 4307 ipse
1306 4229 1453 4287 uteretur.
1495 4223 1600 4301 Quare
1621 4228 1814 4294 cumdivina

507 4316 714 4401 providencia
734 4315 817 4380 hano
839 4320 960 4398 partem
971 4318 1147 4378 nostrorum
1160 4311 1321 4392 bonorum,
1342 4316 1514 4392 pretactam
1529 4314 1814 4383 seilicetHarthes-

507 4404 597 4479 rode,
623 4404 701 4469 mihi
723 4404 932 4484 ordinaverit,
961 4402 1077 4467 intuitu
1097 4399 1358 4465 remunerationis
1386 4407 1493 4463 eterne
1518 4405 1716 4484 presentibus
1741 4426 1814 4472 con-

508 4491 588 4559 cedo
605 4492 755 4559 fratribus
776 4490 968 4577 supradictis
989 4490 1118 4572 plenum
1140 4506 1228 4551 usum
1241 4506 1280 4552 ac
1297 4487 1430 4550 liberum
1440 4508 1609 4571 nemorum,
1631 4512 1814 4579 camporum
