4459 5167
843 339 1007 410 Arrgustiner
1025 338 1276 395 Einsiedlerlrloster
1293 338 1523 411 Himmelpforton.

631 494 789 576 quoslibet
811 498 920 555 contra
940 489 1162 553 inhibitionem
1184 490 1361 555 huiusmodi
1379 490 1420 555 ab
1433 492 1572 574 ipsorum
1585 487 1716 553 fratrum
1726 487 1839 553 ordine

630 582 831 647 discedentes
858 585 984 662 propter
1011 577 1071 641 hoc
1097 580 1385 645 excommunicatos
1404 580 1446 643 ab
1467 580 1547 658 ipsis
1567 578 1726 659 usquead
1746 579 1839 642 satis·

630 672 799 737 lectionem
813 666 1003 748 condignam
1027 665 1145 730 habere
1165 668 1283 730 curetis
1303 674 1335 730 et
1347 667 1475 731 t'aciatis
1491 666 1533 729 ab
1550 666 1696 731 omnibus
1712 667 1837 731 evitari.

669 760 787 824 Datum
820 756 973 839 Neapoli,
1010 755 1070 819 ΙΙΙο
1098 754 1255 821 kalendas
1287 756 1469 835 Februarii,
1501 755 1703 839 pontificatus
1737 756 1837 821 nostri

630 870 713 915 anno
735 849 845 932 primo.

609 942 693 1019 Quia
722 937 819 1019 igitur
840 939 968 1019 propter
989 933 1112 997 viarum
1140 937 1172 996 et
1197 931 1392 998 diversorum
1414 933 1622 1015 periculorum
1649 932 1839 998 discrimina

529 1034 632 1117 ipsum
654 1027 846 1109 autenticum
860 1044 923 1088 non
945 1027 1168 1107 potestsecure
1189 1020 1313 1087 deloco
1334 1020 1377 1086 ad
1398 1022 1500 1087 locum
1512 1022 1685 1103 transterri,
1705 1029 1740 1086 nt
1756 1022 1839 1087 sulti-

528 1124 647 1186 cicnter
681 1116 873 1199 recipiantur
902 1112 1009 1179 omnia
1038 1110 1216 1194 prescripta
1243 1117 1274 1175 et
1300 1132 1320 1175 a
1346 1112 1469 1175 cunctis
1493 1110 1624 1176 valeant
1654 1110 1838 1195 approbari,

526 1209 625 1292 sigilli
647 1206 746 1271 nostri
768 1202 942 1267 munimine
963 1200 1126 1284 presentes
1148 1200 1328 1265 curavimus
1349 1200 1500 1265 roborari.

609 1292 878 1372 DatumViterbii,
900 1309 984 1353 anno
996 1288 1115 1352 domini
1128 1288 1362 1353 bl⁰CC⁰LXXl⁰
1378 1288 1535 1354 kalendas
1546 1289 1640 1371 Iunii,
1659 1290 1837 1372 apostolica

528 1387 605 1453 sede
625 1390 768 1449 vacante.

604 1502 711 1555 Urcebr.
735 1499 825 1551 Wern.
861 1496 923 1549 Dea
945 1513 983 1547 aa
1007 1493 1097 1547 rother
1114 1493 1297 1560 Hoasccbnur
1321 1494 1439 1563 besecdpt
1457 1510 1587 1562 pernecesse
1602 1494 1687 1564 Siepel
1708 1495 1744 1549 iat
1761 1496 1838 1549 nieht

528 1573 602 1627 ccelcr
624 1569 792 1633 corhaodem
815 1566 858 1620 die
876 1566 979 1632 Seium
1003 1566 1039 1618 ist
1060 1564 1228 1617 atellemcec'se
1244 1564 1400 1631 abperiebea.
1437 1565 1498 1618 Ate
1515 1566 1644 1632 Aesecbr.
1662 1582 1713 1619 een
1730 1582 1836 1619 ausae·-

527 1644 606 1697 holo.-
624 1644 718 1696 littera
736 1644 830 1693 contra
848 1638 1016 1706 apdspatas.

528 1879 638 1961 1276.
668 1877 836 1958 danuar
854 1872 913 1954 21.
965 1872 1089 1953 Rom.
1770 1875 1834 1957 23.

628 2009 691 2075 Die
711 2008 860 2088 Biscbdse
889 2026 948 2069 coo
969 2005 1100 2069 Arboua
1126 2004 1196 2067 und
1218 2003 1311 2085 Grejo
1335 2003 1480 2067 ertheilen
1500 2005 1612 2083 decet,
1641 2009 1751 2072 welclce
1775 2011 1835 2074 dea

630 2108 827 2189 Angustiae·
852 2102 1056 2167 Eiosr'edlera
1083 2122 1143 2165 ectr
1168 2101 1405 2182 Hieronelpforte
1430 2104 1526 2166 crdtde
1553 2103 1663 2169 Gabcrc
1687 2108 1834 2187 spendcn,

626 2208 700 2271 oder
722 2205 787 2268 ihre
807 2202 926 2265 Kircbe
952 2221 996 2263 arc
1016 2201 1204 2265 bestimmten
1231 2199 1395 2279 deducere
1416 2200 1573 2278 besechen,
1595 2203 1686 2267 einen
1706 2206 1836 2285 raecip-

626 2304 751 2384 tdpt'yen
787 2300 905 2363 Ablcss
939 2319 997 2362 cccc
1036 2296 1223 2361 Todsticderc
1252 2297 1321 2359 aad
1359 2297 1410 2359 circ
1441 2296 1525 2361 Jctr
1567 2320 1626 2363 cccc
1669 2301 1834 2365 ldcslc'cberc

628 2400 765 2501 sidedera.
794 2386 797 2391 ¹

606 2516 740 2581 Iacobus
762 2514 813 2578 dei
836 2512 942 2595 gratia
962 2510 1156 2575 arbonensis
1178 2510 1310 2575 ecclesie
1331 2517 1363 2574 et
1383 2510 1544 2575 Romanus
1566 2514 1707 2580 eiusdem
1728 2518 1835 2597 gratia

526 2606 675 2674 Crcensis
708 2603 841 2667 ecclesie
877 2602 1019 2685 episcopi
1048 2600 1205 2664 universis
1236 2600 1353 2665 Christi
1380 2600 1526 2665 fidelibus
1554 2602 1687 2668 salntem
1720 2605 1752 2669 in
1780 2606 1834 2671 do·

526 2698 620 2761 mino.
661 2692 751 2756 Licet
770 2693 808 2773 is,
829 2690 870 2755 de
891 2690 979 2754 cuius
1000 2709 1130 2753 munere
1150 2689 1247 2769 venit,
1267 2696 1301 2752 ut
1322 2690 1382 2753 sibi
1405 2694 1438 2765 (a
1456 2689 1618 2767 fideliblus
1637 2693 1703 2756 suis
1725 2694 1835 2757 lauda-

525 2785 681 2850 biliterac
704 2780 823 2861 dingne
845 2779 1010 2857 serviatur,
1031 2779 1132 2842 multa
1152 2778 1273 2841 maiora
1295 2778 1418 2862 premia
1439 2779 1565 2860 tribuat,
1589 2801 1683 2861 quam
1704 2784 1835 2847 valcant

526 2870 695 2957 promereri
716 2866 835 2948 fideles,
857 2875 962 2931 taurea
989 2885 1129 2949 quosque
1151 2886 1189 2931 ex
1202 2865 1296 2931 cilicii
1317 2867 1414 2931 nostri
1437 2867 1545 2932 debito
1565 2868 1608 2931 ad
1629 2888 1727 2953 opera
1749 2872 1834 2936 hari-

525 2961 601 3025 tatis
621 2959 784 3040 cupientes
805 2957 946 3037 allicere,
979 2956 1139 3030 omnibus,
1162 2958 1216 3037 qui
1237 2955 1386 3020 fratribus
1407 2956 1567 3021 heremitis
1586 2956 1708 3022 ordinis
1729 2961 1833 3024 sancti

524 3048 693 3130 Augustini
715 3047 748 3109 in
770 3046 864 3110 Porta
886 3046 968 3126 Geli,
995 3045 1273 3110 Halberstadensis
1298 3046 1459 3129 dyocesis,
1486 3065 1614 3111 manum
1636 3050 1835 3129 porrexerint

525 3137 722 3215 adiutricem,
744 3135 794 3199 vel
815 3133 856 3199 ad
878 3135 1017 3217 ipsorum
1039 3136 1140 3199 locur'n
1163 3135 1194 3197 in
1209 3135 1437 3199 festivitatibus
1459 3135 1549 3200 beate
1557 3136 1708 3217 Virginis,
1731 3141 1833 3203 sancti

524 3225 704 3308 Augustini,
725 3222 937 3289 dedicationis
958 3224 1092 3288 ecclesie
1116 3232 1147 3288 et
1168 3223 1293 3307 patroni
1315 3230 1347 3288 et
1367 3243 1424 3306 per
1439 3231 1569 3289 octavas
1590 3244 1696 3290 eorum
1717 3226 1833 3292 devote

525 3314 731 3393 accesserint,
757 3312 814 3375 XL
836 3311 905 3376 dies
926 3311 1135 3376 criminalium
1157 3320 1189 3375 ct
1210 3331 1325 3376 annum
1347 3313 1518 3376 venialium
1545 3312 1585 3377 de
1606 3316 1834 3397 omnipotentis

526 3404 579 3467 dei
607 3402 823 3466 misericordia
850 3400 1061 3480 relaxamus,
1078 3399 1246 3463 dummodo
1279 3400 1453 3482 dyocesani
1481 3400 1614 3465 accedat
1644 3400 1777 3467 licentia
1802 3412 1833 3469 et

525 3509 707 3557 consensus.

607 3579 725 3643 Datum
745 3578 851 3653 Rome,
874 3598 956 3643 anno
979 3577 1099 3643 domini
1120 3577 1404 3657 hl⁰CC⁰LXX⁰VI⁰,
1424 3577 1456 3640 in
1477 3577 1558 3643 l'estc
1578 3580 1745 3662 Angnetis.

603 3694 814 3748 cunctabere.
852 3692 905 3747 Die
924 3694 1025 3759 Schritt
1041 3695 1076 3747 r'st
1093 3693 1260 3747 stellenrcea'ee
1277 3694 1434 3760 cirperieben.
1475 3694 1533 3747 Von
1552 3695 1604 3748 den
1620 3696 1773 3767 acceutnpt
1789 3716 1832 3766 pe-

528 3780 645 3819 ccesenea
664 3764 767 3833 Sreoelo
785 3765 820 3817 r‘st
839 3765 905 3817 noch
928 3767 971 3817 ein
990 3764 1054 3817 Rest
1076 3763 1121 3816 dea
1135 3770 1249 3816 craterem
1272 3764 1303 3814 in
1319 3769 1432 3830 ptdrcem
1451 3764 1549 3818 Wacbc
1574 3784 1614 3818 crs
1630 3767 1722 3821 Νίκων
1739 3768 1831 3821 baum

527 3837 650 3888 rcollcner
672 3834 779 3887 Sclrrcur
805 3834 965 3888 cortracum.
1016 3833 1070 3886 Die
1094 3834 1281 3901 Bczcichnaap
1304 3832 1351 3885 der
1374 3833 1560 3899 Br'echotac'tze:
1588 3838 1749 3891 Arbonensia
1771 3838 1832 3891 und

527 3906 648 3960 t'rcerrsis
667 3904 729 3957 sind
747 3905 817 3957 cuch
835 3907 890 3973 eus
903 3904 950 3957 der
968 3904 1041 3957 alten
1058 3904 1215 3969 Acclbcbcitt
1231 3902 1347 3955 decedet
1367 3904 1458 3956 declar.

528 4156 636 4237 lete.
689 4154 1066 4255 lllmmelpfortcn.
1763 4156 1828 4239 24,

627 4289 797 4367 Heinrich,
831 4286 1013 4352 Preciueial
1040 4287 1096 4349 der
1116 4285 1315 4365 Aupccstiaer
1339 4286 1518 4352 Eircsa'edler
1542 4290 1578 4353 ic
1604 4288 1830 4370 Dccscttcnu,

625 4390 737 4452 oimmt
757 4386 916 4451 Aebtc'sst'e
936 4385 1005 4448 uod
1026 4384 1235 4464 Stiftssrauen
1259 4405 1301 4449 au
1327 4386 1539 4468 Quedliaberp
1560 4388 1594 4450 ie
1615 4389 1666 4451 die
1686 4389 1831 4455 Redder-

626 4488 729 4569 sebaft
751 4486 804 4550 dcc
829 4482 949 4547 Ordcos
969 4483 1036 4562 acts.
