4459 5167
831 304 879 361 Nr.
899 305 1020 361 00-62.
1039 322 1063 361 a
1084 304 1275 359 rell—1317.
1654 306 1707 359 265

396 452 484 517 modi
508 473 571 519 non
598 455 753 521 obstante.
795 454 945 539 Insuper,
975 456 1004 519 si
1032 454 1064 518 iu
1090 472 1240 539 processu
1267 454 1418 539 temporis
1445 456 1573 540 proprio
1601 462 1707 521 aratro

396 563 469 607 meo
490 550 523 608 et
542 546 602 609 sub
628 545 767 629 propriis
792 545 941 629 expensis
968 545 1048 610 meis
1073 545 1158 609 bona
1182 544 1325 627 predicta
1354 545 1457 609 colere
1479 545 1621 623 voluero,
1649 547 1709 607 boc

395 632 542 715 predicte
562 634 717 698 moniales
737 633 905 699 admittere
925 632 1044 699 debent
1062 634 1145 698 bono
1169 632 1278 712 modo,
1304 640 1337 697 et
1358 632 1507 715 quamdiu
1528 632 1624 697 talem
1644 632 1709 697 eul-

396 731 501 787 turam
532 742 680 787 exercere
710 722 806 787 michi
834 722 1004 808 placuerit,
1038 722 1159 787 tamdiu
1191 721 1343 805 predictis
1374 721 1557 787 malderatis
1583 721 1707 787 carebo.

396 812 474 876 Post
499 812 621 877 obitum
647 817 753 875 muron
778 829 882 875 meum
911 810 1112 893 supradictus
1139 818 1312 876 conventus
1340 808 1521 875 monialium
1548 809 1708 893 predictos

396 920 527 993 mpnaos
558 900 741 965 cumomni
775 898 877 963 fructu
908 906 1059 982 perpetuo
1090 898 1257 965 obtinebit.
1308 898 1456 963 l'reterea
1481 897 1508 963 si
1542 916 1592 963 me
1624 898 1709 963 intra

395 991 514 1056 festum
537 987 704 1056 Michaelis
731 994 765 1053 et
790 989 903 1053 lectum
932 987 1059 1053 Martini
1088 988 1167 1051 mori
1197 986 1379 1069 contigerit,
1410 994 1483 1051 tnnc
1513 986 1708 1053 solummodo

394 1077 543 1162 predicta
558 1077 733 1143 malderata
752 1076 908 1159 complete
928 1076 1088 1142 dabuntur
1108 1076 1156 1141 illi
1180 1075 1229 1140 vel
1252 1074 1325 1155 illis,
1346 1075 1396 1138 oni
1411 1076 1462 1141 vel
1480 1076 1594 1159 quibus
1610 1076 1708 1142 michi

396 1166 556 1249 placuerit
575 1167 751 1248 assignare.
795 1166 838 1230 Ut
858 1172 963 1231 autern
984 1164 1130 1249 predicta
1155 1182 1227 1229 mea
1254 1164 1383 1228 donatio
1410 1164 1500 1229 lirma
1525 1173 1709 1250 permaneat

396 1266 431 1320 et
454 1275 477 1319 a
503 1255 591 1321 nullo
610 1256 758 1334 violetur,
789 1254 934 1338 predicto
959 1254 1127 1319 conventui
1158 1251 1340 1319 monialium
1367 1261 1546 1336 presentem
1571 1254 1709 1321 litteram

397 1344 476 1410 dedi
497 1364 567 1409 meo
584 1342 693 1427 sigillo
711 1350 858 1427 patenter
878 1344 1109 1407 communitam.

479 1433 598 1499 Datum
618 1452 703 1500 anno
723 1433 845 1499 domiui
866 1432 1127 1514 Mccccrxllw,
1144 1432 1176 1497 in
1199 1432 1252 1498 die
1274 1432 1360 1497 beati
1380 1432 1511 1515 Georgii
1529 1434 1677 1500 martiris.

469 1550 586 1618 copae
603 1550 649 1604 m.
669 1549 710 1606 ⁵⁸.

398 1689 512 1772 1315.
538 1689 735 1771 Februar
751 1688 816 1771 23.
1642 1690 1707 1772 61.

499 1822 642 1900 Ditmor,
673 1822 807 1905 Psarrer
838 1843 880 1887 aar
913 1821 1150 1899 Ostcrbirocade‚
1180 1822 1302 1905 borentot
1334 1824 1386 1887 dic
1412 1824 1597 1906 &beokerie
1624 1826 1709 1889 einer

499 1921 610 1985 halben
636 1920 727 2001 Herse
753 1942 795 1984 ru
821 1920 1002 1985 Rornsleben
1028 1920 1140 1983 scieas
1165 1921 1264 1984 seinos
1288 1920 1437 1986 Brurlers
1461 1922 1634 1987 Burcbarrl
1663 1944 1708 1987 aa

501 2019 561 2083 dos
580 2018 713 2082 Kloster
730 2017 891 2083 Woterler.

480 2152 671 2217 Dhetmarus
699 2150 855 2237 plebanus
883 2151 916 2215 in
942 2150 1185 2218 Osterbiwende
1212 2150 1341 2217 humilis
1369 2154 1515 2219 omnibus
1548 2154 1579 2220 in
1606 2154 1708 2221 Oristo

396 2240 560 2322 fidelibus,
591 2240 634 2304 ad
661 2260 740 2322 quos
766 2240 825 2305 bec
847 2240 1180 2325 littera‘pervenerit,
1211 2241 1371 2307 orationes
1407 2242 1439 2307 in
1473 2242 1601 2309 domino
1636 2244 1708 2309 Iesu

397 2330 533 2397 Christo.
576 2330 687 2395 Sciant
711 2329 865 2405 universi,
900 2329 983 2412 quod
1015 2329 1152 2395 dilectus
1181 2330 1278 2395 irater
1305 2350 1394 2396 meus
1420 2331 1618 2398 Borchardus
1646 2333 1709 2415 piis

398 2419 642 2485 elemosinarum
663 2418 812 2502 operibns
833 2418 983 2485 insistens
1008 2418 1042 2483 in
1072 2417 1245 2483 remedium
1267 2426 1299 2483 et
1320 2420 1454 2485 salutem
1475 2422 1581 2485 enimc
1601 2440 1657 2487 sue
1677 2426 1709 2485 et

398 2508 577 2573 animarum
597 2508 735 2573 omnium
757 2513 922 2591 parentum
943 2526 1069 2572 suorum
1090 2507 1131 2571 de
1153 2526 1222 2572 meo
1244 2507 1377 2573 consilio
1399 2514 1430 2571 et
1452 2508 1534 2575 bono
1555 2528 1709 2575 consensu

398 2598 539 2663 omnium
559 2616 690 2678 quornm
712 2596 843 2661 interest
862 2595 952 2660 dedit
972 2595 1140 2660 dimidium
1163 2616 1306 2661 mansum
1329 2596 1423 2661 sitnm
1447 2598 1479 2662 in
1501 2618 1613 2683 eampo
1633 2598 1709 2663 ville

396 2684 608 2752 Romesleveu
628 2684 762 2751 ecclesie
783 2685 817 2749 in
836 2684 1010 2749 Waterlere
1031 2693 1063 2749 et
1082 2683 1276 2750 monialibus
1297 2684 1416 2749 ibidem
1442 2706 1512 2751 eum
1533 2687 1618 2751 omni
1641 2688 1709 2752 iure

397 2783 431 2841 et
459 2774 599 2841 utilitate
624 2780 778 2859 perpetuo
802 2772 902 2839 libere
928 2772 1162 2857 possidendum.
1212 2774 1248 2837 In
1276 2775 1488 2839 testimonium
1515 2774 1607 2841 buius
1632 2777 1709 2839 laeti

399 2872 433 2930 ct
454 2864 497 2927 ad
518 2884 630 2947 preces
647 2864 756 2929 fratris
783 2865 844 2927 mei
870 2862 1005 2946 predicti
1033 2882 1137 2927 meum
1163 2863 1304 2946 sigillum
1331 2862 1408 2928 duni
1436 2864 1575 2947 presenti
1605 2864 1708 2929 littere

398 2952 635 3039 apponendum.

479 3042 599 3107 Datum
619 3060 703 3107 anuo
723 3041 844 3107 domini
864 3040 1032 3106 millesimo
1052 3039 1265 3107 tricentesimo
1281 3040 1525 3124 decimoquinto,
1546 3039 1707 3107 dominica

399 3131 492 3197 Oculi
514 3132 586 3196 mei.

471 3230 588 3299 mpero.
605 3229 651 3284 nt.
667 3233 702 3283 14
708 3220 728 3284 b.

399 3350 509 3433 1317.
535 3351 731 3433 Februar
750 3351 818 3434 20.
1642 3350 1707 3433 62.

500 3483 573 3550 Dae
607 3484 739 3551 Kloster
765 3486 919 3552 Waterler
950 3485 1134 3549 caecaretur
1167 3485 1282 3549 seiaem
1310 3486 1463 3550 Vermeser
1491 3484 1606 3549 Woiler
1640 3486 1710 3549 rond

501 3584 610 3647 dessen
623 3584 749 3648 Tocbter
769 3585 825 3648 der
841 3584 881 3647 K
882 3584 1129 3664 metaphora
1144 3582 1285 3647 Gerlrud
1305 3585 1362 3664 fiir
1382 3583 1450 3646 eine
1469 3603 1527 3646 von
1540 3582 1709 3647 demselbcre

500 3680 570 3744 dem
595 3680 728 3745 Kioster
753 3682 811 3744 mit
836 3686 950 3744 sommt
979 3682 1048 3744 den
1073 3679 1177 3760 Elpco
1202 3680 1307 3743 derare
1335 3680 1477 3762 mkerrtle
1500 3680 1589 3743 belbe
1618 3679 1708 3761 Hrrfe

500 3778 545 3840 im
565 3777 705 3859 decipere
726 3778 823 3842 Ferae
847 3780 915 3841 eine
936 3776 1189 3859 lebmasliirtplicbe
1209 3774 1437 3859 Kerateislurcp
1464 3778 1534 3841 urici
1559 3777 1708 3841 best-imml

498 3875 574 3957 tiber
593 3875 687 3939 deren
706 3876 890 3956 eodrlteripe
917 3874 1133 3957 Verwerulcep
1152 3894 1194 3940 eu
1215 3874 1314 3937 Liclrt.

479 4007 545 4074 Nos
563 4007 718 4073 Iordanus
730 4007 783 4074 dei
799 4010 904 4091 gratia
919 4008 1108 4093 prepositus,
1130 4007 1312 4073 Meetbildis
1324 4008 1498 4081 abbatissa,
1520 4008 1709 4075 Adelbeidis

400 4097 554 4181 priorissa
574 4105 736 4180 totumque
756 4098 924 4179 collegium
946 4098 980 4162 iu
1001 4097 1175 4162 Waterlere
1201 4098 1347 4163 omnibus
1375 4097 1416 4161 ad
1438 4116 1517 4180 quos
1544 4104 1708 4180 presentes

400 4185 503 4250 littere
522 4188 724 4270 pervenerint
744 4186 788 4253 ad
807 4192 993 4272 perpetuam
1014 4187 1060 4251 rei
1081 4185 1273 4251 memoriam.
1315 4187 1471 4252 Noverint
1492 4193 1655 4269 presentes
1677 4192 1709 4249 et

399 4273 533 4355 posteri,
561 4273 645 4355 quod
671 4275 769 4339 frater
789 4276 961 4355 Wolterus‚
988 4280 1095 4341 noster
1120 4274 1278 4358 provisor,
1308 4274 1476 4339 dimidium
1502 4293 1647 4339 mansum
1675 4274 1706 4338 in

400 4380 512 4445 campo
542 4361 717 4429 Waterlere
754 4363 850 4429 sitnm
886 4364 1085 4447 comparavit
1121 4363 1189 4427 suis
1220 4364 1358 4446 propriis
1391 4362 1568 4446 sumptibus
1602 4368 1708 4427 nostro

400 4450 609 4532 monasterio,
628 4453 916 4541 proprietatemque
936 4452 1015 4518 dicti
1035 4450 1138 4517 mansi
1160 4470 1180 4515 e
1201 4451 1302 4517 nobili
1322 4451 1390 4518 viro
1409 4451 1523 4519 comite
1545 4450 1707 4533 Hlenu'eo)
