<?xml version="1.0" encoding="UTF-8"?>
<!DOCTYPE html PUBLIC "-//W3C//DTD XHTML 1.0 Transitional//EN"
    "http://www.w3.org/TR/xhtml1/DTD/xhtml1-transitional.dtd">
<html xmlns="http://www.w3.org/1999/xhtml" xml:lang="en" lang="en">
 <head>
  <title>
</title>
<meta http-equiv="Content-Type" content="text/html;charset=utf-8" />
  <meta name='ocr-system' content='tesseract 3.04.00' />
  <meta name='ocr-capabilities' content='ocr_page ocr_carea ocr_par ocr_line ocrx_word'/>
</head>
<body>
  <div class='ocr_page' id='page_1' title='image "./urkundenbuchder00nunsgoog_0123.png"; bbox 0 0 4459 5167; ppageno 0'>
   <div class='ocr_carea' id='block_1_1' title="bbox 843 354 1519 431">
    <p class='ocr_par' dir='ltr' id='par_1_1' title="bbox 843 354 1519 431">
     <span class='ocr_line' id='line_1_1' title="bbox 843 354 1519 431; baseline 0.004 -18"><span class='ocrx_word' id='word_1_1' title='bbox 843 354 1006 429; x_wconf 61' lang='lat' dir='ltr'><strong>alngrrstincr</strong></span> <span class='ocrx_word' id='word_1_2' title='bbox 1025 355 1275 415; x_wconf 73' lang='lat' dir='ltr'><strong>huniullerklostor</strong></span> <span class='ocrx_word' id='word_1_3' title='bbox 1292 354 1519 431; x_wconf 83' lang='lat' dir='ltr'><strong>Himmelpiorten.</strong></span> 
     </span>
    </p>
   </div>
   <div class='ocr_carea' id='block_1_2' title="bbox 520 507 1834 2987">
    <p class='ocr_par' dir='ltr' id='par_1_2' title="bbox 627 507 1834 927">
     <span class='ocr_line' id='line_1_2' title="bbox 672 507 1834 596; baseline 0.005 -26"><span class='ocrx_word' id='word_1_4' title='bbox 672 507 854 572; x_wconf 75' lang='lat' dir='ltr'><strong>Alexander·</strong></span> <span class='ocrx_word' id='word_1_5' title='bbox 875 510 1043 592; x_wconf 87' lang='lat' dir='ltr'><strong>episeopus</strong></span> <span class='ocrx_word' id='word_1_6' title='bbox 1065 528 1175 573; x_wconf 83' lang='lat' dir='ltr'><strong>servus</strong></span> <span class='ocrx_word' id='word_1_7' title='bbox 1191 528 1352 574; x_wconf 87' lang='lat' dir='ltr'><strong>servorum</strong></span> <span class='ocrx_word' id='word_1_8' title='bbox 1370 511 1432 574; x_wconf 82' lang='lat' dir='ltr'><strong>liei</strong></span> <span class='ocrx_word' id='word_1_9' title='bbox 1449 510 1576 576; x_wconf 89' lang='lat' dir='ltr'><strong>dilectis</strong></span> <span class='ocrx_word' id='word_1_10' title='bbox 1596 510 1672 576; x_wconf 88' lang='lat' dir='ltr'><strong>liliis</strong></span> <span class='ocrx_word' id='word_1_11' title='bbox 1687 562 1715 577; x_wconf 89' lang='lat'><strong>..</strong></span> <span class='ocrx_word' id='word_1_12' title='bbox 1736 511 1834 596; x_wconf 82' lang='lat' dir='ltr'>priori</span> 
     </span>
     <span class='ocr_line' id='line_1_3' title="bbox 630 597 1834 681; baseline 0.001 -21"><span class='ocrx_word' id='word_1_13' title='bbox 630 602 660 660; x_wconf 90' lang='lat' dir='ltr'><strong>et</strong></span> <span class='ocrx_word' id='word_1_14' title='bbox 696 598 845 661; x_wconf 83' lang='lat' dir='ltr'><strong>tratribus</strong></span> <span class='ocrx_word' id='word_1_15' title='bbox 880 597 1108 667; x_wconf 56' lang='lat' dir='ltr'><strong>heremitarum,</strong></span> <span class='ocrx_word' id='word_1_16' title='bbox 1140 597 1181 662; x_wconf 91' lang='lat' dir='ltr'><strong>de</strong></span> <span class='ocrx_word' id='word_1_17' title='bbox 1206 598 1357 662; x_wconf 91' lang='lat' dir='ltr'><strong>Brictinis</strong></span> <span class='ocrx_word' id='word_1_18' title='bbox 1392 598 1526 663; x_wconf 88' lang='lat' dir='ltr'><strong>salutem</strong></span> <span class='ocrx_word' id='word_1_19' title='bbox 1557 604 1589 663; x_wconf 86' lang='lat' dir='ltr'><strong>et</strong></span> <span class='ocrx_word' id='word_1_20' title='bbox 1624 600 1834 681; x_wconf 87' lang='lat' dir='ltr'><strong>apostolicam</strong></span> 
     </span>
     <span class='ocr_line' id='line_1_4' title="bbox 627 684 1834 770; baseline 0.001 -22"><span class='ocrx_word' id='word_1_21' title='bbox 627 685 887 750; x_wconf 81' lang='lat' dir='ltr'><strong>benedictionem.</strong></span> <span class='ocrx_word' id='word_1_22' title='bbox 921 686 957 750; x_wconf 92' lang='lat' dir='ltr'><strong>In</strong></span> <span class='ocrx_word' id='word_1_23' title='bbox 969 686 1103 767; x_wconf 85' lang='lat' dir='ltr'><strong>registro</strong></span> <span class='ocrx_word' id='word_1_24' title='bbox 1119 684 1222 751; x_wconf 88' lang='lat' dir='ltr'><strong>lelieis</strong></span> <span class='ocrx_word' id='word_1_25' title='bbox 1236 687 1463 751; x_wconf 91' lang='lat' dir='ltr'><strong>recordationis</strong></span> <span class='ocrx_word' id='word_1_26' title='bbox 1474 688 1649 751; x_wconf 90' lang='lat' dir='ltr'><strong>Innocentii</strong></span> <span class='ocrx_word' id='word_1_27' title='bbox 1662 707 1746 770; x_wconf 90' lang='lat' dir='ltr'><strong>pape</strong></span> <span class='ocrx_word' id='word_1_28' title='bbox 1761 687 1834 750; x_wconf 94' lang='lat' dir='ltr'><strong>llll.</strong></span> 
     </span>
     <span class='ocr_line' id='line_1_5' title="bbox 630 774 1834 857; baseline 0.001 -20"><span class='ocrx_word' id='word_1_29' title='bbox 630 774 862 857; x_wconf 80' lang='lat' dir='ltr'><strong>predecessoris</strong></span> <span class='ocrx_word' id='word_1_30' title='bbox 890 776 987 839; x_wconf 87' lang='lat' dir='ltr'><strong>nostri</strong></span> <span class='ocrx_word' id='word_1_31' title='bbox 1022 774 1221 856; x_wconf 84' lang='lat' dir='ltr'><strong>quarundam</strong></span> <span class='ocrx_word' id='word_1_32' title='bbox 1253 776 1424 839; x_wconf 90' lang='lat' dir='ltr'><strong>litterarum</strong></span> <span class='ocrx_word' id='word_1_33' title='bbox 1453 783 1541 839; x_wconf 94' lang='lat' dir='ltr'><strong>tenor</strong></span> <span class='ocrx_word' id='word_1_34' title='bbox 1568 776 1751 839; x_wconf 76' lang='lat' dir='ltr'><strong>inscribitur</strong></span> <span class='ocrx_word' id='word_1_35' title='bbox 1778 775 1834 857; x_wconf 84' lang='lat' dir='ltr'><strong>qui</strong></span> 
     </span>
     <span class='ocr_line' id='line_1_6' title="bbox 629 862 783 927; baseline -0.006 -1"><span class='ocrx_word' id='word_1_36' title='bbox 629 862 702 926; x_wconf 90' lang='lat' dir='ltr'><strong>talis</strong></span> <span class='ocrx_word' id='word_1_37' title='bbox 722 870 783 927; x_wconf 88' lang='lat' dir='ltr'><strong>est:</strong></span> 
     </span>
    </p>

    <p class='ocr_par' dir='ltr' id='par_1_3' title="bbox 720 950 1834 2278">
     <span class='ocr_line' id='line_1_7' title="bbox 766 950 1833 1035; baseline 0.005 -22"><span class='ocrx_word' id='word_1_38' title='bbox 766 951 966 1016; x_wconf 86' lang='lat' dir='ltr'><strong>Innocentius</strong></span> <span class='ocrx_word' id='word_1_39' title='bbox 988 953 1287 1035; x_wconf 88' lang='lat' dir='ltr'><strong>episcopusservus</strong></span> <span class='ocrx_word' id='word_1_40' title='bbox 1309 969 1468 1015; x_wconf 85' lang='lat' dir='ltr'><strong>serrorum</strong></span> <span class='ocrx_word' id='word_1_41' title='bbox 1494 950 1547 1015; x_wconf 89' lang='lat' dir='ltr'><strong>dci</strong></span> <span class='ocrx_word' id='word_1_42' title='bbox 1572 950 1698 1016; x_wconf 88' lang='lat' dir='ltr'><strong>dilectis</strong></span> <span class='ocrx_word' id='word_1_43' title='bbox 1716 950 1792 1015; x_wconf 90' lang='lat' dir='ltr'><strong>liliis</strong></span> <span class='ocrx_word' id='word_1_44' title='bbox 1805 1002 1833 1018; x_wconf 89' lang='lat'><strong>..</strong></span> 
     </span>
     <span class='ocr_line' id='line_1_8' title="bbox 725 1039 1834 1123; baseline -0.001 -21"><span class='ocrx_word' id='word_1_45' title='bbox 725 1039 823 1123; x_wconf 88' lang='lat' dir='ltr'><strong>priori</strong></span> <span class='ocrx_word' id='word_1_46' title='bbox 847 1046 879 1103; x_wconf 89' lang='lat' dir='ltr'><strong>et</strong></span> <span class='ocrx_word' id='word_1_47' title='bbox 905 1040 1055 1104; x_wconf 84' lang='lat' dir='ltr'><strong>iratribus</strong></span> <span class='ocrx_word' id='word_1_48' title='bbox 1081 1040 1198 1105; x_wconf 90' lang='lat' dir='ltr'><strong>heremi</strong></span> <span class='ocrx_word' id='word_1_49' title='bbox 1228 1039 1269 1104; x_wconf 88' lang='lat' dir='ltr'><strong>dc</strong></span> <span class='ocrx_word' id='word_1_50' title='bbox 1295 1040 1444 1104; x_wconf 89' lang='lat' dir='ltr'><strong>Brictinis</strong></span> <span class='ocrx_word' id='word_1_51' title='bbox 1473 1041 1608 1104; x_wconf 89' lang='lat' dir='ltr'><strong>salutern</strong></span> <span class='ocrx_word' id='word_1_52' title='bbox 1630 1046 1662 1104; x_wconf 87' lang='lat' dir='ltr'><strong>ct</strong></span> <span class='ocrx_word' id='word_1_53' title='bbox 1683 1040 1834 1122; x_wconf 91' lang='lat' dir='ltr'><strong>apostoli-</strong></span> 
     </span>
     <span class='ocr_line' id='line_1_9' title="bbox 724 1126 1834 1209; baseline 0 -18"><span class='ocrx_word' id='word_1_54' title='bbox 724 1148 794 1191; x_wconf 85' lang='lat' dir='ltr'><strong>cam</strong></span> <span class='ocrx_word' id='word_1_55' title='bbox 823 1126 1083 1193; x_wconf 84' lang='lat' dir='ltr'><strong>benedictionem.</strong></span> <span class='ocrx_word' id='word_1_56' title='bbox 1128 1129 1315 1192; x_wconf 90' lang='lat' dir='ltr'><strong>Devotionis</strong></span> <span class='ocrx_word' id='word_1_57' title='bbox 1338 1135 1542 1209; x_wconf 84' lang='lat' dir='ltr'><strong>angmentum</strong></span> <span class='ocrx_word' id='word_1_58' title='bbox 1565 1128 1659 1192; x_wconf 84' lang='lat' dir='ltr'><strong>robis</strong></span> <span class='ocrx_word' id='word_1_59' title='bbox 1679 1126 1740 1192; x_wconf 92' lang='lat' dir='ltr'><strong>deo</strong></span> <span class='ocrx_word' id='word_1_60' title='bbox 1762 1146 1834 1209; x_wconf 90' lang='lat' dir='ltr'><strong>pro-</strong></span> 
     </span>
     <span class='ocr_line' id='line_1_10' title="bbox 725 1215 1833 1300; baseline -0.001 -21"><span class='ocrx_word' id='word_1_61' title='bbox 725 1216 804 1299; x_wconf 90' lang='lat' dir='ltr'><strong>pitio</strong></span> <span class='ocrx_word' id='word_1_62' title='bbox 831 1217 998 1300; x_wconf 87' lang='lat' dir='ltr'><strong>provenire</strong></span> <span class='ocrx_word' id='word_1_63' title='bbox 1024 1217 1224 1297; x_wconf 91' lang='lat' dir='ltr'><strong>confidimus,</strong></span> <span class='ocrx_word' id='word_1_64' title='bbox 1259 1216 1288 1281; x_wconf 90' lang='lat' dir='ltr'><strong>si</strong></span> <span class='ocrx_word' id='word_1_65' title='bbox 1315 1216 1507 1298; x_wconf 83' lang='lat' dir='ltr'><strong>superbiis,</strong></span> <span class='ocrx_word' id='word_1_66' title='bbox 1539 1235 1600 1297; x_wconf 91' lang='lat' dir='ltr'><strong>que</strong></span> <span class='ocrx_word' id='word_1_67' title='bbox 1625 1216 1678 1298; x_wconf 92' lang='lat' dir='ltr'><strong>pie</strong></span> <span class='ocrx_word' id='word_1_68' title='bbox 1705 1215 1833 1297; x_wconf 87' lang='lat' dir='ltr'><strong>cupitis,</strong></span> 
     </span>
     <span class='ocr_line' id='line_1_11' title="bbox 725 1303 1833 1387; baseline 0 -20"><span class='ocrx_word' id='word_1_69' title='bbox 725 1324 782 1369; x_wconf 90' lang='lat' dir='ltr'><strong>nus</strong></span> <span class='ocrx_word' id='word_1_70' title='bbox 804 1304 958 1387; x_wconf 90' lang='lat' dir='ltr'><strong>benignos</strong></span> <span class='ocrx_word' id='word_1_71' title='bbox 979 1305 1019 1368; x_wconf 91' lang='lat' dir='ltr'><strong>ad</strong></span> <span class='ocrx_word' id='word_1_72' title='bbox 1042 1307 1179 1387; x_wconf 91' lang='lat' dir='ltr'><strong>gratiam</strong></span> <span class='ocrx_word' id='word_1_73' title='bbox 1199 1305 1353 1370; x_wconf 90' lang='lat' dir='ltr'><strong>habeatis.</strong></span> <span class='ocrx_word' id='word_1_74' title='bbox 1401 1305 1484 1369; x_wconf 88' lang='lat' dir='ltr'><strong>Hinc</strong></span> <span class='ocrx_word' id='word_1_75' title='bbox 1504 1313 1566 1385; x_wconf 90' lang='lat' dir='ltr'><strong>est,</strong></span> <span class='ocrx_word' id='word_1_76' title='bbox 1592 1304 1676 1385; x_wconf 86' lang='lat' dir='ltr'><strong>quod</strong></span> <span class='ocrx_word' id='word_1_77' title='bbox 1697 1322 1755 1367; x_wconf 93' lang='lat' dir='ltr'><strong>nos</strong></span> <span class='ocrx_word' id='word_1_78' title='bbox 1777 1303 1833 1367; x_wconf 94' lang='lat' dir='ltr'><strong>hu-</strong></span> 
     </span>
     <span class='ocr_line' id='line_1_12' title="bbox 725 1392 1832 1476; baseline -0.003 -19"><span class='ocrx_word' id='word_1_79' title='bbox 725 1394 870 1458; x_wconf 91' lang='lat' dir='ltr'><strong>militatis</strong></span> <span class='ocrx_word' id='word_1_80' title='bbox 891 1402 996 1457; x_wconf 88' lang='lat' dir='ltr'><strong>vestre</strong></span> <span class='ocrx_word' id='word_1_81' title='bbox 1018 1395 1166 1476; x_wconf 89' lang='lat' dir='ltr'><strong>precibus</strong></span> <span class='ocrx_word' id='word_1_82' title='bbox 1177 1394 1321 1457; x_wconf 92' lang='lat' dir='ltr'><strong>inclinati</strong></span> <span class='ocrx_word' id='word_1_83' title='bbox 1336 1395 1524 1458; x_wconf 88' lang='lat' dir='ltr'><strong>auctoritate</strong></span> <span class='ocrx_word' id='word_1_84' title='bbox 1534 1392 1626 1457; x_wconf 89' lang='lat' dir='ltr'><strong>vobis</strong></span> <span class='ocrx_word' id='word_1_85' title='bbox 1636 1392 1832 1475; x_wconf 88' lang='lat' dir='ltr'><strong>presentium</strong></span> 
     </span>
     <span class='ocr_line' id='line_1_13' title="bbox 724 1481 1832 1565; baseline 0 -20"><span class='ocrx_word' id='word_1_86' title='bbox 724 1483 938 1565; x_wconf 75' lang='lat' dir='ltr'><strong>indulgerem,</strong></span> <span class='ocrx_word' id='word_1_87' title='bbox 962 1489 997 1546; x_wconf 92' lang='lat' dir='ltr'><strong>ut</strong></span> <span class='ocrx_word' id='word_1_88' title='bbox 1019 1484 1050 1546; x_wconf 91' lang='lat' dir='ltr'><strong>in</strong></span> <span class='ocrx_word' id='word_1_89' title='bbox 1073 1483 1151 1547; x_wconf 91' lang='lat' dir='ltr'><strong>loeis</strong></span> <span class='ocrx_word' id='word_1_90' title='bbox 1172 1490 1204 1546; x_wconf 91' lang='lat' dir='ltr'><strong>et</strong></span> <span class='ocrx_word' id='word_1_91' title='bbox 1224 1482 1370 1545; x_wconf 90' lang='lat' dir='ltr'><strong>oratoriis</strong></span> <span class='ocrx_word' id='word_1_92' title='bbox 1387 1484 1502 1547; x_wconf 90' lang='lat' dir='ltr'><strong>vestris</strong></span> <span class='ocrx_word' id='word_1_93' title='bbox 1520 1500 1591 1546; x_wconf 90' lang='lat' dir='ltr'><strong>curn</strong></span> <span class='ocrx_word' id='word_1_94' title='bbox 1602 1481 1721 1545; x_wconf 88' lang='lat' dir='ltr'><strong>viatico</strong></span> <span class='ocrx_word' id='word_1_95' title='bbox 1735 1482 1832 1545; x_wconf 87' lang='lat' dir='ltr'><strong>altari</strong></span> 
     </span>
     <span class='ocr_line' id='line_1_14' title="bbox 725 1570 1833 1654; baseline -0.004 -17"><span class='ocrx_word' id='word_1_96' title='bbox 725 1573 854 1653; x_wconf 89' lang='lat' dir='ltr'><strong>possitis</strong></span> <span class='ocrx_word' id='word_1_97' title='bbox 874 1573 1039 1636; x_wconf 90' lang='lat' dir='ltr'><strong>missarum</strong></span> <span class='ocrx_word' id='word_1_98' title='bbox 1061 1572 1251 1654; x_wconf 82' lang='lat' dir='ltr'><strong>sollempnia</strong></span> <span class='ocrx_word' id='word_1_99' title='bbox 1271 1581 1302 1635; x_wconf 90' lang='lat' dir='ltr'><strong>et</strong></span> <span class='ocrx_word' id='word_1_100' title='bbox 1323 1571 1389 1635; x_wconf 90' lang='lat' dir='ltr'><strong>alia</strong></span> <span class='ocrx_word' id='word_1_101' title='bbox 1410 1572 1522 1636; x_wconf 87' lang='lat' dir='ltr'><strong>divina</strong></span> <span class='ocrx_word' id='word_1_102' title='bbox 1537 1570 1642 1637; x_wconf 86' lang='lat' dir='ltr'><strong>efficia</strong></span> <span class='ocrx_word' id='word_1_103' title='bbox 1659 1571 1833 1650; x_wconf 90' lang='lat' dir='ltr'><strong>celebrare,</strong></span> 
     </span>
     <span class='ocr_line' id='line_1_15' title="bbox 725 1658 1832 1743; baseline -0.002 -20"><span class='ocrx_word' id='word_1_104' title='bbox 725 1661 811 1724; x_wconf 91' lang='lat' dir='ltr'><strong>omni</strong></span> <span class='ocrx_word' id='word_1_105' title='bbox 831 1660 1022 1743; x_wconf 84' lang='lat' dir='ltr'><strong>parrochiali</strong></span> <span class='ocrx_word' id='word_1_106' title='bbox 1044 1660 1111 1724; x_wconf 92' lang='lat' dir='ltr'><strong>iure</strong></span> <span class='ocrx_word' id='word_1_107' title='bbox 1134 1659 1386 1741; x_wconf 86' lang='lat' dir='ltr'><strong>parrochialibus</strong></span> <span class='ocrx_word' id='word_1_108' title='bbox 1407 1660 1551 1724; x_wconf 89' lang='lat' dir='ltr'><strong>eeclesiis</strong></span> <span class='ocrx_word' id='word_1_109' title='bbox 1571 1661 1762 1724; x_wconf 65' lang='lat' dir='ltr'><strong>reservatos</strong></span> <span class='ocrx_word' id='word_1_110' title='bbox 1789 1658 1832 1722; x_wconf 80' lang='lat' dir='ltr'><strong>Et</strong></span> 
     </span>
     <span class='ocr_line' id='line_1_16' title="bbox 725 1746 1831 1830; baseline -0.003 -18"><span class='ocrx_word' id='word_1_111' title='bbox 725 1768 764 1813; x_wconf 92' lang='lat' dir='ltr'><strong>ne</strong></span> <span class='ocrx_word' id='word_1_112' title='bbox 791 1749 832 1814; x_wconf 91' lang='lat' dir='ltr'><strong>de</strong></span> <span class='ocrx_word' id='word_1_113' title='bbox 858 1749 925 1812; x_wconf 91' lang='lat' dir='ltr'><strong>iure</strong></span> <span class='ocrx_word' id='word_1_114' title='bbox 954 1747 1133 1812; x_wconf 90' lang='lat' dir='ltr'><strong>huiusmodi</strong></span> <span class='ocrx_word' id='word_1_115' title='bbox 1159 1747 1262 1830; x_wconf 91' lang='lat' dir='ltr'><strong>possit</strong></span> <span class='ocrx_word' id='word_1_116' title='bbox 1287 1748 1396 1829; x_wconf 89' lang='lat' dir='ltr'><strong>aliqua</strong></span> <span class='ocrx_word' id='word_1_117' title='bbox 1422 1749 1544 1829; x_wconf 89' lang='lat' dir='ltr'><strong>questio</strong></span> <span class='ocrx_word' id='word_1_118' title='bbox 1572 1747 1722 1829; x_wconf 85' lang='lat' dir='ltr'><strong>suboriri,</strong></span> <span class='ocrx_word' id='word_1_119' title='bbox 1750 1746 1831 1811; x_wconf 91' lang='lat' dir='ltr'><strong>illud</strong></span> 
     </span>
     <span class='ocr_line' id='line_1_17' title="bbox 722 1836 1831 1919; baseline -0.003 -17"><span class='ocrx_word' id='word_1_120' title='bbox 722 1840 807 1902; x_wconf 92' lang='lat' dir='ltr'><strong>eirca</strong></span> <span class='ocrx_word' id='word_1_121' title='bbox 832 1837 1009 1902; x_wconf 87' lang='lat' dir='ltr'><strong>oblationes</strong></span> <span class='ocrx_word' id='word_1_122' title='bbox 1030 1836 1172 1901; x_wconf 88' lang='lat' dir='ltr'><strong>decimas</strong></span> <span class='ocrx_word' id='word_1_123' title='bbox 1193 1836 1351 1919; x_wconf 80' lang='lat' dir='ltr'><strong>primitias</strong></span> <span class='ocrx_word' id='word_1_124' title='bbox 1371 1837 1595 1919; x_wconf 84' lang='lat' dir='ltr'><strong>intelligimus,</strong></span> <span class='ocrx_word' id='word_1_125' title='bbox 1617 1856 1679 1918; x_wconf 85' lang='lat' dir='ltr'><strong>que</strong></span> <span class='ocrx_word' id='word_1_126' title='bbox 1698 1856 1719 1899; x_wconf 91' lang='lat' dir='ltr'><strong>a</strong></span> <span class='ocrx_word' id='word_1_127' title='bbox 1737 1836 1831 1899; x_wconf 88' lang='lat' dir='ltr'><strong>laicis</strong></span> 
     </span>
     <span class='ocr_line' id='line_1_18' title="bbox 720 1924 1831 2008; baseline -0.005 -16"><span class='ocrx_word' id='word_1_128' title='bbox 720 1928 822 1992; x_wconf 91' lang='lat' dir='ltr'><strong>solent</strong></span> <span class='ocrx_word' id='word_1_129' title='bbox 848 1926 972 1990; x_wconf 88' lang='lat' dir='ltr'><strong>clericis</strong></span> <span class='ocrx_word' id='word_1_130' title='bbox 1004 1924 1162 2002; x_wconf 87' lang='lat' dir='ltr'><strong>exhiberi,</strong></span> <span class='ocrx_word' id='word_1_131' title='bbox 1199 1924 1312 2006; x_wconf 88' lang='lat' dir='ltr'><strong>quibus</strong></span> <span class='ocrx_word' id='word_1_132' title='bbox 1341 1924 1522 1990; x_wconf 87' lang='lat' dir='ltr'><strong>defraudari</strong></span> <span class='ocrx_word' id='word_1_133' title='bbox 1549 1927 1695 1991; x_wconf 91' lang='lat' dir='ltr'><strong>nolumus</strong></span> <span class='ocrx_word' id='word_1_134' title='bbox 1723 1944 1831 2008; x_wconf 74' lang='lat' dir='ltr'><strong>parre</strong></span> 
     </span>
     <span class='ocr_line' id='line_1_19' title="bbox 727 2012 1830 2101; baseline -0.004 -21"><span class='ocrx_word' id='word_1_135' title='bbox 727 2015 847 2081; x_wconf 88' lang='lat' dir='ltr'><strong>chiales</strong></span> <span class='ocrx_word' id='word_1_136' title='bbox 879 2013 1031 2079; x_wconf 88' lang='lat' dir='ltr'><strong>ecclesias</strong></span> <span class='ocrx_word' id='word_1_137' title='bbox 1065 2014 1233 2101; x_wconf 83' lang='lat' dir='ltr'><strong>occasione</strong></span> <span class='ocrx_word' id='word_1_138' title='bbox 1271 2013 1468 2095; x_wconf 86' lang='lat' dir='ltr'><strong>indulgentie</strong></span> <span class='ocrx_word' id='word_1_139' title='bbox 1503 2014 1694 2098; x_wconf 88' lang='lat' dir='ltr'><strong>supradicte.</strong></span> <span class='ocrx_word' id='word_1_140' title='bbox 1739 2012 1830 2077; x_wconf 86' lang='lat' dir='ltr'><strong>Nulli</strong></span> 
     </span>
     <span class='ocr_line' id='line_1_20' title="bbox 723 2101 1830 2188; baseline -0.003 -18"><span class='ocrx_word' id='word_1_141' title='bbox 723 2126 799 2188; x_wconf 87' lang='lat' dir='ltr'><strong>ergo</strong></span> <span class='ocrx_word' id='word_1_142' title='bbox 828 2104 919 2167; x_wconf 91' lang='lat' dir='ltr'><strong>...i</strong></span> <span class='ocrx_word' id='word_1_143' title='bbox 942 2104 1012 2184; x_wconf 88' lang='lat' dir='ltr'><strong>quis</strong></span> <span class='ocrx_word' id='word_1_144' title='bbox 1037 2150 1043 2166; x_wconf 91' lang='lat'><em>.</em></span> <span class='ocrx_word' id='word_1_145' title='bbox 1065 2151 1071 2166; x_wconf 93' lang='lat'><strong>.</strong></span> <span class='ocrx_word' id='word_1_146' title='bbox 1096 2154 1102 2167; x_wconf 94' lang='lat'><strong>.</strong></span> <span class='ocrx_word' id='word_1_147' title='bbox 1150 2103 1268 2165; x_wconf 91' lang='lat' dir='ltr'><strong>Datum</strong></span> <span class='ocrx_word' id='word_1_148' title='bbox 1294 2103 1442 2185; x_wconf 87' lang='lat' dir='ltr'><strong>Lugduni</strong></span> <span class='ocrx_word' id='word_1_149' title='bbox 1471 2104 1544 2167; x_wconf 90' lang='lat' dir='ltr'><strong>Xll.</strong></span> <span class='ocrx_word' id='word_1_150' title='bbox 1572 2103 1644 2168; x_wconf 90' lang='lat' dir='ltr'><strong>Kal.</strong></span> <span class='ocrx_word' id='word_1_151' title='bbox 1672 2101 1830 2184; x_wconf 84' lang='lat' dir='ltr'><strong>Octobris,</strong></span> 
     </span>
     <span class='ocr_line' id='line_1_21' title="bbox 722 2190 1293 2278; baseline -0.009 -20"><span class='ocrx_word' id='word_1_152' title='bbox 722 2191 922 2278; x_wconf 89' lang='lat' dir='ltr'><strong>pontificatus</strong></span> <span class='ocrx_word' id='word_1_153' title='bbox 945 2190 1043 2255; x_wconf 94' lang='lat' dir='ltr'><strong>nostri</strong></span> <span class='ocrx_word' id='word_1_154' title='bbox 1065 2211 1149 2255; x_wconf 93' lang='lat' dir='ltr'><strong>anno</strong></span> <span class='ocrx_word' id='word_1_155' title='bbox 1170 2198 1293 2255; x_wconf 86' lang='lat' dir='ltr'><strong>octavo.</strong></span> 
     </span>
    </p>

    <p class='ocr_par' dir='ltr' id='par_1_4' title="bbox 601 2279 1828 2721">
     <span class='ocr_line' id='line_1_22' title="bbox 662 2279 1828 2363; baseline -0.003 -15"><span class='ocrx_word' id='word_1_156' title='bbox 662 2283 729 2347; x_wconf 88' lang='lat' dir='ltr'><strong>Nos</strong></span> <span class='ocrx_word' id='word_1_157' title='bbox 750 2289 856 2346; x_wconf 90' lang='lat' dir='ltr'><strong>autern</strong></span> <span class='ocrx_word' id='word_1_158' title='bbox 876 2279 990 2343; x_wconf 90' lang='lat' dir='ltr'><strong>vestris</strong></span> <span class='ocrx_word' id='word_1_159' title='bbox 1008 2279 1157 2362; x_wconf 90' lang='lat' dir='ltr'><strong>precibus</strong></span> <span class='ocrx_word' id='word_1_160' title='bbox 1175 2286 1351 2343; x_wconf 87' lang='lat' dir='ltr'><strong>annuentes</strong></span> <span class='ocrx_word' id='word_1_161' title='bbox 1372 2286 1512 2345; x_wconf 89' lang='lat' dir='ltr'><strong>tenerem</strong></span> <span class='ocrx_word' id='word_1_162' title='bbox 1533 2281 1636 2363; x_wconf 89' lang='lat' dir='ltr'><strong>ipsum</strong></span> <span class='ocrx_word' id='word_1_163' title='bbox 1659 2299 1699 2344; x_wconf 83' lang='lat' dir='ltr'><strong>ex</strong></span> <span class='ocrx_word' id='word_1_164' title='bbox 1716 2279 1828 2344; x_wconf 90' lang='lat' dir='ltr'><strong>eodem</strong></span> 
     </span>
     <span class='ocr_line' id='line_1_23' title="bbox 620 2367 1828 2455; baseline -0.003 -19"><span class='ocrx_word' id='word_1_165' title='bbox 620 2373 755 2455; x_wconf 89' lang='lat' dir='ltr'><strong>registro</strong></span> <span class='ocrx_word' id='word_1_166' title='bbox 780 2370 916 2434; x_wconf 90' lang='lat' dir='ltr'><strong>lideliter</strong></span> <span class='ocrx_word' id='word_1_167' title='bbox 943 2374 1101 2451; x_wconf 88' lang='lat' dir='ltr'><strong>sumptum</strong></span> <span class='ocrx_word' id='word_1_168' title='bbox 1128 2368 1187 2432; x_wconf 92' lang='lat' dir='ltr'><strong>sub</strong></span> <span class='ocrx_word' id='word_1_169' title='bbox 1215 2367 1301 2432; x_wconf 91' lang='lat' dir='ltr'><strong>bulla</strong></span> <span class='ocrx_word' id='word_1_170' title='bbox 1323 2376 1432 2433; x_wconf 89' lang='lat' dir='ltr'><strong>nostra</strong></span> <span class='ocrx_word' id='word_1_171' title='bbox 1452 2369 1493 2434; x_wconf 93' lang='lat' dir='ltr'><strong>de</strong></span> <span class='ocrx_word' id='word_1_172' title='bbox 1513 2368 1609 2433; x_wconf 85' lang='lat' dir='ltr'><strong>verbo</strong></span> <span class='ocrx_word' id='word_1_173' title='bbox 1631 2368 1673 2432; x_wconf 91' lang='lat' dir='ltr'><strong>ad</strong></span> <span class='ocrx_word' id='word_1_174' title='bbox 1695 2368 1828 2433; x_wconf 91' lang='lat' dir='ltr'><strong>verbum</strong></span> 
     </span>
     <span class='ocr_line' id='line_1_24' title="bbox 620 2455 1827 2538; baseline -0.005 -12"><span class='ocrx_word' id='word_1_175' title='bbox 620 2462 751 2526; x_wconf 86' lang='lat' dir='ltr'><strong>lecimus</strong></span> <span class='ocrx_word' id='word_1_176' title='bbox 777 2455 932 2523; x_wconf 90' lang='lat' dir='ltr'><strong>annotari.</strong></span> <span class='ocrx_word' id='word_1_177' title='bbox 973 2455 1091 2519; x_wconf 88' lang='lat' dir='ltr'><strong>Datum</strong></span> <span class='ocrx_word' id='word_1_178' title='bbox 1114 2456 1277 2537; x_wconf 88' lang='lat' dir='ltr'><strong>Laterani,</strong></span> <span class='ocrx_word' id='word_1_179' title='bbox 1302 2455 1373 2521; x_wconf 87' lang='lat' dir='ltr'><strong>llll.</strong></span> <span class='ocrx_word' id='word_1_180' title='bbox 1402 2456 1473 2522; x_wconf 89' lang='lat' dir='ltr'><strong>Kal.</strong></span> <span class='ocrx_word' id='word_1_181' title='bbox 1503 2456 1596 2537; x_wconf 83' lang='lat' dir='ltr'><strong>lllaji,</strong></span> <span class='ocrx_word' id='word_1_182' title='bbox 1623 2455 1827 2538; x_wconf 86' lang='lat' dir='ltr'><strong>pontificatus</strong></span> 
     </span>
     <span class='ocr_line' id='line_1_25' title="bbox 622 2544 973 2615; baseline -0.02 -2"><span class='ocrx_word' id='word_1_183' title='bbox 622 2550 720 2615; x_wconf 91' lang='lat' dir='ltr'><strong>nostri</strong></span> <span class='ocrx_word' id='word_1_184' title='bbox 744 2567 827 2613; x_wconf 92' lang='lat' dir='ltr'><strong>anno</strong></span> <span class='ocrx_word' id='word_1_185' title='bbox 848 2544 973 2609; x_wconf 83' lang='lat' dir='ltr'><strong>tertio.³</strong></span> 
     </span>
     <span class='ocr_line' id='line_1_26' title="bbox 601 2631 1826 2721; baseline -0.006 -17"><span class='ocrx_word' id='word_1_186' title='bbox 601 2640 691 2703; x_wconf 87' lang='lat' dir='ltr'><strong>Hanc</strong></span> <span class='ocrx_word' id='word_1_187' title='bbox 713 2639 810 2719; x_wconf 87' lang='lat' dir='ltr'><strong>igitur</strong></span> <span class='ocrx_word' id='word_1_188' title='bbox 831 2635 967 2721; x_wconf 78' lang='lat' dir='ltr'><strong>litteram</strong></span> <span class='ocrx_word' id='word_1_189' title='bbox 990 2631 1030 2695; x_wconf 89' lang='lat' dir='ltr'><strong>de</strong></span> <span class='ocrx_word' id='word_1_190' title='bbox 1052 2632 1148 2696; x_wconf 90' lang='lat' dir='ltr'><strong>verbo</strong></span> <span class='ocrx_word' id='word_1_191' title='bbox 1170 2631 1211 2696; x_wconf 89' lang='lat' dir='ltr'><strong>ad</strong></span> <span class='ocrx_word' id='word_1_192' title='bbox 1231 2634 1361 2698; x_wconf 84' lang='lat' dir='ltr'><strong>verbum</strong></span> <span class='ocrx_word' id='word_1_193' title='bbox 1377 2633 1599 2717; x_wconf 89' lang='lat' dir='ltr'><strong>transcriptam</strong></span> <span class='ocrx_word' id='word_1_194' title='bbox 1615 2633 1714 2713; x_wconf 90' lang='lat' dir='ltr'><strong>sigilli</strong></span> <span class='ocrx_word' id='word_1_195' title='bbox 1726 2635 1826 2699; x_wconf 91' lang='lat' dir='ltr'><strong>nestri</strong></span> 
     </span>
    </p>

    <p class='ocr_par' dir='ltr' id='par_1_5' title="bbox 520 2720 1826 2987">
     <span class='ocr_line' id='line_1_27' title="bbox 521 2720 1723 2805; baseline -0.007 -10"><span class='ocrx_word' id='word_1_196' title='bbox 521 2730 693 2795; x_wconf 89' lang='lat' dir='ltr'><strong>munimine</strong></span> <span class='ocrx_word' id='word_1_197' title='bbox 714 2727 892 2791; x_wconf 88' lang='lat' dir='ltr'><strong>roboratam</strong></span> <span class='ocrx_word' id='word_1_198' title='bbox 913 2720 954 2783; x_wconf 91' lang='lat' dir='ltr'><strong>ad</strong></span> <span class='ocrx_word' id='word_1_199' title='bbox 977 2722 1193 2787; x_wconf 85' lang='lat' dir='ltr'><strong>universorum</strong></span> <span class='ocrx_word' id='word_1_200' title='bbox 1214 2723 1359 2787; x_wconf 89' lang='lat' dir='ltr'><strong>notitiam</strong></span> <span class='ocrx_word' id='word_1_201' title='bbox 1382 2724 1527 2787; x_wconf 90' lang='lat' dir='ltr'><strong>volumus</strong></span> <span class='ocrx_word' id='word_1_202' title='bbox 1547 2722 1723 2805; x_wconf 88' lang='lat' dir='ltr'><strong>pervenire.</strong></span> 
     </span>
     <span class='ocr_line' id='line_1_28' title="bbox 601 2810 1826 2893; baseline -0.004 -13"><span class='ocrx_word' id='word_1_203' title='bbox 601 2818 718 2881; x_wconf 89' lang='lat' dir='ltr'><strong>Datum</strong></span> <span class='ocrx_word' id='word_1_204' title='bbox 746 2815 964 2893; x_wconf 89' lang='lat' dir='ltr'><strong>Langensten‚</strong></span> <span class='ocrx_word' id='word_1_205' title='bbox 994 2830 1076 2873; x_wconf 90' lang='lat' dir='ltr'><strong>anno</strong></span> <span class='ocrx_word' id='word_1_206' title='bbox 1103 2811 1224 2874; x_wconf 91' lang='lat' dir='ltr'><strong>domini</strong></span> <span class='ocrx_word' id='word_1_207' title='bbox 1250 2810 1480 2889; x_wconf 66' lang='lat' dir='ltr'><strong>berC⁰LVlI⁰,</strong></span> <span class='ocrx_word' id='word_1_208' title='bbox 1510 2812 1573 2874; x_wconf 82' lang='lat' dir='ltr'><strong>Xl⁰</strong></span> <span class='ocrx_word' id='word_1_209' title='bbox 1586 2810 1742 2875; x_wconf 87' lang='lat' dir='ltr'><strong>kalendas</strong></span> <span class='ocrx_word' id='word_1_210' title='bbox 1763 2811 1826 2876; x_wconf 90' lang='lat' dir='ltr'><strong>De-</strong></span> 
     </span>
     <span class='ocr_line' id='line_1_29' title="bbox 520 2898 1291 2987; baseline -0.016 -15"><span class='ocrx_word' id='word_1_211' title='bbox 520 2906 672 2981; x_wconf 91' lang='lat' dir='ltr'><strong>cembris,</strong></span> <span class='ocrx_word' id='word_1_212' title='bbox 694 2901 896 2987; x_wconf 91' lang='lat' dir='ltr'><strong>pontificatus</strong></span> <span class='ocrx_word' id='word_1_213' title='bbox 918 2899 1017 2962; x_wconf 92' lang='lat' dir='ltr'><strong>nostri</strong></span> <span class='ocrx_word' id='word_1_214' title='bbox 1039 2921 1123 2965; x_wconf 87' lang='lat' dir='ltr'><strong>anno</strong></span> <span class='ocrx_word' id='word_1_215' title='bbox 1145 2898 1291 2965; x_wconf 91' lang='lat' dir='ltr'><strong>seeundo.</strong></span> 
     </span>
    </p>
   </div>
   <div class='ocr_carea' id='block_1_3' title="bbox 596 3004 1825 3086">
    <p class='ocr_par' dir='ltr' id='par_1_6' title="bbox 596 3004 1825 3086">
     <span class='ocr_line' id='line_1_30' title="bbox 596 3004 1825 3086; baseline -0.002 -11"><span class='ocrx_word' id='word_1_216' title='bbox 596 3022 701 3075; x_wconf 84' lang='lat' dir='ltr'><strong>Urscbr.</strong></span> <span class='ocrx_word' id='word_1_217' title='bbox 721 3020 759 3071; x_wconf 78' lang='lat' dir='ltr'><strong>int</strong></span> <span class='ocrx_word' id='word_1_218' title='bbox 778 3018 802 3071; x_wconf 80' lang='lat' dir='ltr'><strong>le.</strong></span> <span class='ocrx_word' id='word_1_219' title='bbox 815 3016 901 3075; x_wconf 74' lang='lat' dir='ltr'><strong>Sr-A.</strong></span> <span class='ocrx_word' id='word_1_220' title='bbox 921 3034 954 3069; x_wconf 75' lang='lat' dir='ltr'><strong>ru</strong></span> <span class='ocrx_word' id='word_1_221' title='bbox 974 3017 1140 3086; x_wconf 74' lang='lat' dir='ltr'><strong>Muprleburp</strong></span> <span class='ocrx_word' id='word_1_222' title='bbox 1157 3034 1177 3071; x_wconf 90' lang='lat' dir='ltr'><strong>s.</strong></span> <span class='ocrx_word' id='word_1_223' title='bbox 1192 3036 1213 3073; x_wconf 86' lang='lat' dir='ltr'><strong>r.</strong></span> <span class='ocrx_word' id='word_1_224' title='bbox 1230 3004 1311 3077; x_wconf 83' lang='lat' dir='ltr'><strong>Hulb.</strong></span> <span class='ocrx_word' id='word_1_225' title='bbox 1332 3020 1367 3074; x_wconf 86' lang='lat' dir='ltr'><strong>E.</strong></span> <span class='ocrx_word' id='word_1_226' title='bbox 1389 3025 1413 3074; x_wconf 90' lang='lat'><strong>1.</strong></span> <span class='ocrx_word' id='word_1_227' title='bbox 1432 3052 1465 3059; x_wconf 90' lang='lat'><em>-</em></span> <span class='ocrx_word' id='word_1_228' title='bbox 1482 3020 1547 3072; x_wconf 83' lang='lat' dir='ltr'><strong>Nur</strong></span> <span class='ocrx_word' id='word_1_229' title='bbox 1564 3020 1607 3073; x_wconf 83' lang='lat' dir='ltr'><strong>dic</strong></span> <span class='ocrx_word' id='word_1_230' title='bbox 1623 3020 1698 3074; x_wconf 81' lang='lat' dir='ltr'><strong>rothe</strong></span> <span class='ocrx_word' id='word_1_231' title='bbox 1715 3020 1825 3076; x_wconf 67' lang='lat' dir='ltr'><strong>&amp;soro</strong></span> 
     </span>
    </p>
   </div>
   <div class='ocr_carea' id='block_1_4' title="bbox 460 3093 696 3146">
    <p class='ocr_par' dir='ltr' id='par_1_7' title="bbox 460 3093 696 3146">
     <span class='ocr_line' id='line_1_31' title="bbox 460 3093 696 3146; baseline -0.008 -1"><span class='ocrx_word' id='word_1_232' title='bbox 460 3106 465 3113; x_wconf 93' lang='grc'><em>·</em></span> <span class='ocrx_word' id='word_1_233' title='bbox 518 3095 551 3146; x_wconf 82' lang='lat' dir='ltr'><strong>ist</strong></span> <span class='ocrx_word' id='word_1_234' title='bbox 569 3093 696 3146; x_wconf 83' lang='lat' dir='ltr'><strong>erbulteu.</strong></span> 
     </span>
    </p>
   </div>
   <div class='ocr_carea' id='block_1_5' title="bbox 524 3192 1823 3331">
    <p class='ocr_par' dir='ltr' id='par_1_8' title="bbox 524 3192 1823 3331">
     <span class='ocr_line' id='line_1_32' title="bbox 591 3192 1823 3265; baseline 0.003 -18"><span class='ocrx_word' id='word_1_235' title='bbox 591 3196 617 3265; x_wconf 86' lang='lat' dir='ltr'><strong>l)</strong></span> <span class='ocrx_word' id='word_1_236' title='bbox 645 3194 700 3261; x_wconf 80' lang='lat' dir='ltr'><strong>Vpl.</strong></span> <span class='ocrx_word' id='word_1_237' title='bbox 716 3192 822 3259; x_wconf 85' lang='lat' dir='ltr'><strong>Empoli</strong></span> <span class='ocrx_word' id='word_1_238' title='bbox 846 3192 939 3245; x_wconf 84' lang='lat' dir='ltr'><strong>bullar.</strong></span> <span class='ocrx_word' id='word_1_239' title='bbox 959 3208 984 3261; x_wconf 92' lang='lat' dir='ltr'><strong>p.</strong></span> <span class='ocrx_word' id='word_1_240' title='bbox 1002 3193 1035 3245; x_wconf 80' lang='lat'><strong>25</strong></span> <span class='ocrx_word' id='word_1_241' title='bbox 1062 3194 1109 3247; x_wconf 85' lang='lat' dir='ltr'><strong>mit</strong></span> <span class='ocrx_word' id='word_1_242' title='bbox 1131 3200 1204 3261; x_wconf 86' lang='lat' dir='ltr'><strong>pont.</strong></span> <span class='ocrx_word' id='word_1_243' title='bbox 1228 3214 1254 3250; x_wconf 89' lang='lat' dir='ltr'><strong>u.</strong></span> <span class='ocrx_word' id='word_1_244' title='bbox 1273 3214 1343 3251; x_wconf 86' lang='lat' dir='ltr'><strong>annu</strong></span> <span class='ocrx_word' id='word_1_245' title='bbox 1367 3196 1455 3251; x_wconf 84' lang='lat' dir='ltr'><strong>tertie.</strong></span> <span class='ocrx_word' id='word_1_246' title='bbox 1475 3227 1508 3234; x_wconf 95' lang='lat'>—</span> <span class='ocrx_word' id='word_1_247' title='bbox 1527 3196 1555 3257; x_wconf 81' lang='grc'><strong>2)</strong></span> <span class='ocrx_word' id='word_1_248' title='bbox 1573 3202 1708 3252; x_wconf 79' lang='lat' dir='ltr'><strong>reservato</strong></span> <span class='ocrx_word' id='word_1_249' title='bbox 1726 3197 1823 3251; x_wconf 75' lang='lat' dir='ltr'><strong>iader</strong></span> 
     </span>
     <span class='ocr_line' id='line_1_33' title="bbox 524 3262 1075 3331; baseline -0.007 -10"><span class='ocrx_word' id='word_1_250' title='bbox 524 3266 587 3321; x_wconf 79' lang='lat' dir='ltr'><strong>Urb.</strong></span> <span class='ocrx_word' id='word_1_251' title='bbox 606 3295 640 3305; x_wconf 91' lang='lat'><em>-</em></span> <span class='ocrx_word' id='word_1_252' title='bbox 661 3264 688 3326; x_wconf 74' lang='lat'><strong>8)</strong></span> <span class='ocrx_word' id='word_1_253' title='bbox 707 3262 813 3331; x_wconf 85' lang='lat' dir='ltr'><strong>Empoli</strong></span> <span class='ocrx_word' id='word_1_254' title='bbox 830 3278 856 3313; x_wconf 87' lang='lat' dir='ltr'><strong>u.</strong></span> <span class='ocrx_word' id='word_1_255' title='bbox 876 3278 902 3314; x_wconf 85' lang='lat' dir='ltr'><strong>u.</strong></span> <span class='ocrx_word' id='word_1_256' title='bbox 923 3262 953 3315; x_wconf 90' lang='lat' dir='ltr'><strong>O.</strong></span> <span class='ocrx_word' id='word_1_257' title='bbox 969 3279 997 3329; x_wconf 82' lang='lat' dir='ltr'><strong>p.</strong></span> <span class='ocrx_word' id='word_1_258' title='bbox 1016 3266 1075 3330; x_wconf 76' lang='lat' dir='ltr'><em>26f.</em></span> 
     </span>
    </p>
   </div>
   <div class='ocr_carea' id='block_1_6' title="bbox 1047 3460 1296 3469">
    <p class='ocr_par' dir='ltr' id='par_1_9' title="bbox 1047 3460 1296 3469">
     <span class='ocr_line' id='line_1_34' title="bbox 1047 3460 1296 3469; baseline 0.008 -2"><span class='ocrx_word' id='word_1_259' title='bbox 1047 3460 1296 3469; x_wconf 72' lang='lat'><em>——-—-—.—..</em></span> 
     </span>
    </p>
   </div>
   <div class='ocr_carea' id='block_1_7' title="bbox 517 3580 1819 3705">
    <p class='ocr_par' dir='ltr' id='par_1_10' title="bbox 517 3580 1819 3705">
     <span class='ocr_line' id='line_1_35' title="bbox 517 3580 1819 3705; baseline -0.002 -20"><span class='ocrx_word' id='word_1_260' title='bbox 517 3580 624 3687; x_wconf 76' lang='lat' dir='ltr'><strong>rust.</strong></span> <span class='ocrx_word' id='word_1_261' title='bbox 650 3602 777 3705; x_wconf 82' lang='lat' dir='ltr'><strong>April</strong></span> <span class='ocrx_word' id='word_1_262' title='bbox 795 3602 855 3686; x_wconf 79' lang='lat'><strong>21.</strong></span> <span class='ocrx_word' id='word_1_263' title='bbox 906 3602 1224 3701; x_wconf 77' lang='lat' dir='ltr'><strong>ll&#39;ernlgerode.</strong></span> <span class='ocrx_word' id='word_1_264' title='bbox 1778 3613 1819 3693; x_wconf 79' lang='grc'><strong>4.</strong></span> 
     </span>
    </p>
   </div>
   <div class='ocr_carea' id='block_1_8' title="bbox 615 3738 1820 4018">
    <p class='ocr_par' dir='ltr' id='par_1_11' title="bbox 615 3738 1820 4018">
     <span class='ocr_line' id='line_1_36' title="bbox 625 3738 1820 3825; baseline 0.006 -24"><span class='ocrx_word' id='word_1_265' title='bbox 625 3738 749 3815; x_wconf 85' lang='lat' dir='ltr'><strong>Volrud,</strong></span> <span class='ocrx_word' id='word_1_266' title='bbox 771 3738 908 3819; x_wconf 77' lang='lat' dir='ltr'><strong>Biscbof</strong></span> <span class='ocrx_word' id='word_1_267' title='bbox 921 3758 979 3800; x_wconf 79' lang='lat' dir='ltr'><strong>troo</strong></span> <span class='ocrx_word' id='word_1_268' title='bbox 999 3738 1217 3813; x_wconf 82' lang='lat' dir='ltr'><strong>Ilclbcrstcrll,</strong></span> <span class='ocrx_word' id='word_1_269' title='bbox 1247 3738 1421 3821; x_wconf 76' lang='lat' dir='ltr'><strong>ilbcrciqncl</strong></span> <span class='ocrx_word' id='word_1_270' title='bbox 1440 3742 1500 3806; x_wconf 84' lang='lat' dir='ltr'><strong>den</strong></span> <span class='ocrx_word' id='word_1_271' title='bbox 1521 3746 1720 3825; x_wconf 75' lang='lat' dir='ltr'><strong>Arrposlirser</strong></span> <span class='ocrx_word' id='word_1_272' title='bbox 1740 3746 1820 3809; x_wconf 85' lang='lat' dir='ltr'><strong>Ein-</strong></span> 
     </span>
     <span class='ocr_line' id='line_1_37' title="bbox 617 3836 1820 3919; baseline 0.005 -20"><span class='ocrx_word' id='word_1_273' title='bbox 617 3836 864 3900; x_wconf 78' lang='lat' dir='ltr'><strong>sr&#39;cdlcrbriidcrn</strong></span> <span class='ocrx_word' id='word_1_274' title='bbox 881 3857 941 3901; x_wconf 78' lang='lat' dir='ltr'><strong>aar·</strong></span> <span class='ocrx_word' id='word_1_275' title='bbox 957 3838 1195 3919; x_wconf 71' lang='lat' dir='ltr'><strong>Himmclptortc</strong></span> <span class='ocrx_word' id='word_1_276' title='bbox 1214 3838 1343 3901; x_wconf 68' lang='lat' dir='ltr'><strong>storacen</strong></span> <span class='ocrx_word' id='word_1_277' title='bbox 1359 3839 1419 3901; x_wconf 72' lang='lat' dir='ltr'><strong>&lt;lot</strong></span> <span class='ocrx_word' id='word_1_278' title='bbox 1432 3839 1615 3905; x_wconf 78' lang='lat' dir='ltr'><strong>Gebrtlrlcrn</strong></span> <span class='ocrx_word' id='word_1_279' title='bbox 1633 3863 1692 3905; x_wconf 84' lang='lat' dir='ltr'><strong>eon</strong></span> <span class='ocrx_word' id='word_1_280' title='bbox 1702 3842 1820 3905; x_wconf 82' lang='lat' dir='ltr'><strong>Ilcssc-</strong></span> 
     </span>
     <span class='ocr_line' id='line_1_38' title="bbox 615 3934 1804 4018; baseline 0.006 -21"><span class='ocrx_word' id='word_1_281' title='bbox 615 3935 688 3999; x_wconf 83' lang='lat' dir='ltr'><strong>rode</strong></span> <span class='ocrx_word' id='word_1_282' title='bbox 708 3934 771 3997; x_wconf 81' lang='lat' dir='ltr'><strong>ibus</strong></span> <span class='ocrx_word' id='word_1_283' title='bbox 791 3935 1030 4016; x_wconf 72' lang='lat' dir='ltr'><strong>urespclusscnen</strong></span> <span class='ocrx_word' id='word_1_284' title='bbox 1052 3934 1176 4013; x_wconf 74' lang='lat' dir='ltr'><strong>chcrp</strong></span> <span class='ocrx_word' id='word_1_285' title='bbox 1196 3935 1253 3996; x_wconf 83' lang='lat' dir='ltr'><strong>ruit</strong></span> <span class='ocrx_word' id='word_1_286' title='bbox 1272 3936 1327 3997; x_wconf 84' lang='lat' dir='ltr'><strong>der</strong></span> <span class='ocrx_word' id='word_1_287' title='bbox 1347 3935 1437 3999; x_wconf 78' lang='lat' dir='ltr'><strong>rlubci</strong></span> <span class='ocrx_word' id='word_1_288' title='bbox 1455 3938 1616 4018; x_wconf 71' lang='lat' dir='ltr'><strong>pclcpcneu</strong></span> <span class='ocrx_word' id='word_1_289' title='bbox 1637 3939 1804 4004; x_wconf 81' lang='lat' dir='ltr'><strong>Ldudcrei.</strong></span> 
     </span>
    </p>
   </div>
   <div class='ocr_carea' id='block_1_9' title="bbox 512 4048 1820 4581">
    <p class='ocr_par' dir='ltr' id='par_1_12' title="bbox 512 4048 1820 4581">
     <span class='ocr_line' id='line_1_39' title="bbox 594 4048 1819 4140; baseline 0.005 -25"><span class='ocrx_word' id='word_1_290' title='bbox 594 4050 766 4131; x_wconf 89' lang='lat' dir='ltr'><strong>Volradus,</strong></span> <span class='ocrx_word' id='word_1_291' title='bbox 794 4051 847 4115; x_wconf 91' lang='lat' dir='ltr'><strong>dei</strong></span> <span class='ocrx_word' id='word_1_292' title='bbox 868 4052 981 4133; x_wconf 91' lang='lat' dir='ltr'><strong>gracia</strong></span> <span class='ocrx_word' id='word_1_293' title='bbox 1001 4048 1280 4115; x_wconf 90' lang='lat' dir='ltr'><strong>Halberstadeusis</strong></span> <span class='ocrx_word' id='word_1_294' title='bbox 1300 4052 1432 4116; x_wconf 88' lang='lat' dir='ltr'><strong>ecclesie</strong></span> <span class='ocrx_word' id='word_1_295' title='bbox 1459 4053 1628 4138; x_wconf 89' lang='lat' dir='ltr'><strong>episeopus</strong></span> <span class='ocrx_word' id='word_1_296' title='bbox 1653 4056 1685 4118; x_wconf 94' lang='lat' dir='ltr'><strong>in</strong></span> <span class='ocrx_word' id='word_1_297' title='bbox 1708 4075 1819 4140; x_wconf 90' lang='lat' dir='ltr'><strong>perpe-</strong></span> 
     </span>
     <span class='ocr_line' id='line_1_40' title="bbox 514 4137 1820 4223; baseline 0.005 -20"><span class='ocrx_word' id='word_1_298' title='bbox 514 4146 608 4205; x_wconf 90' lang='lat' dir='ltr'><strong>tuum.</strong></span> <span class='ocrx_word' id='word_1_299' title='bbox 624 4142 637 4223; x_wconf 80' lang='lat' dir='ltr'><strong>ll</strong></span> <span class='ocrx_word' id='word_1_300' title='bbox 678 4140 767 4206; x_wconf 86' lang='lat' dir='ltr'><strong>Sicut</strong></span> <span class='ocrx_word' id='word_1_301' title='bbox 792 4140 861 4206; x_wconf 90' lang='lat' dir='ltr'><strong>dies</strong></span> <span class='ocrx_word' id='word_1_302' title='bbox 888 4147 920 4217; x_wconf 83' lang='lat' dir='ltr'><strong>et</strong></span> <span class='ocrx_word' id='word_1_303' title='bbox 948 4146 1090 4221; x_wconf 88' lang='lat' dir='ltr'><strong>tempora</strong></span> <span class='ocrx_word' id='word_1_304' title='bbox 1115 4137 1331 4204; x_wconf 86' lang='lat' dir='ltr'><strong>indesinenter</strong></span> <span class='ocrx_word' id='word_1_305' title='bbox 1359 4140 1459 4205; x_wconf 87' lang='lat' dir='ltr'><strong>lluunt</strong></span> <span class='ocrx_word' id='word_1_306' title='bbox 1484 4150 1515 4206; x_wconf 89' lang='lat' dir='ltr'><strong>ct</strong></span> <span class='ocrx_word' id='word_1_307' title='bbox 1543 4151 1707 4207; x_wconf 89' lang='lat' dir='ltr'><strong>transeunt</strong></span> <span class='ocrx_word' id='word_1_308' title='bbox 1732 4146 1820 4209; x_wconf 85' lang='lat' dir='ltr'><strong>vices</strong></span> 
     </span>
     <span class='ocr_line' id='line_1_41' title="bbox 513 4228 1818 4313; baseline 0.002 -20"><span class='ocrx_word' id='word_1_309' title='bbox 513 4231 656 4311; x_wconf 83' lang='lat' dir='ltr'><strong>singulas</strong></span> <span class='ocrx_word' id='word_1_310' title='bbox 684 4229 888 4303; x_wconf 85' lang='lat' dir='ltr'><strong>alternando,</strong></span> <span class='ocrx_word' id='word_1_311' title='bbox 918 4229 965 4291; x_wconf 90' lang='lat' dir='ltr'><strong>sic</strong></span> <span class='ocrx_word' id='word_1_312' title='bbox 991 4246 1030 4291; x_wconf 91' lang='lat' dir='ltr'><strong>ea</strong></span> <span class='ocrx_word' id='word_1_313' title='bbox 1061 4246 1122 4307; x_wconf 87' lang='lat' dir='ltr'><strong>que</strong></span> <span class='ocrx_word' id='word_1_314' title='bbox 1157 4228 1214 4290; x_wconf 91' lang='lat' dir='ltr'><strong>sub</strong></span> <span class='ocrx_word' id='word_1_315' title='bbox 1241 4229 1320 4311; x_wconf 86' lang='lat' dir='ltr'><strong>ipsis</strong></span> <span class='ocrx_word' id='word_1_316' title='bbox 1350 4228 1429 4293; x_wconf 88' lang='lat' dir='ltr'><strong>liunt</strong></span> <span class='ocrx_word' id='word_1_317' title='bbox 1456 4232 1649 4313; x_wconf 90' lang='lat' dir='ltr'><strong>temporibus</strong></span> <span class='ocrx_word' id='word_1_318' title='bbox 1674 4233 1818 4312; x_wconf 89' lang='lat' dir='ltr'><strong>vigorem</strong></span> 
     </span>
     <span class='ocr_line' id='line_1_42' title="bbox 512 4314 1818 4400; baseline 0.003 -19"><span class='ocrx_word' id='word_1_319' title='bbox 512 4319 661 4385; x_wconf 90' lang='lat' dir='ltr'><strong>memorie</strong></span> <span class='ocrx_word' id='word_1_320' title='bbox 681 4318 832 4383; x_wconf 82' lang='lat' dir='ltr'><strong>facillime</strong></span> <span class='ocrx_word' id='word_1_321' title='bbox 846 4316 1024 4400; x_wconf 87' lang='lat' dir='ltr'><strong>perderent,</strong></span> <span class='ocrx_word' id='word_1_322' title='bbox 1046 4315 1107 4379; x_wconf 88' lang='lat' dir='ltr'><strong>nisi</strong></span> <span class='ocrx_word' id='word_1_323' title='bbox 1129 4314 1302 4381; x_wconf 89' lang='lat' dir='ltr'><strong>litterarum</strong></span> <span class='ocrx_word' id='word_1_324' title='bbox 1324 4325 1357 4382; x_wconf 91' lang='lat' dir='ltr'><strong>ct</strong></span> <span class='ocrx_word' id='word_1_325' title='bbox 1374 4320 1501 4383; x_wconf 88' lang='lat' dir='ltr'><strong>testium</strong></span> <span class='ocrx_word' id='word_1_326' title='bbox 1521 4320 1693 4385; x_wconf 89' lang='lat' dir='ltr'><strong>munimine</strong></span> <span class='ocrx_word' id='word_1_327' title='bbox 1715 4322 1818 4385; x_wconf 88' lang='lat' dir='ltr'><strong>lirnra-</strong></span> 
     </span>
     <span class='ocr_line' id='line_1_43' title="bbox 512 4405 1818 4489; baseline 0.003 -19"><span class='ocrx_word' id='word_1_328' title='bbox 512 4416 626 4473; x_wconf 89' lang='lat' dir='ltr'><strong>rentur.</strong></span> <span class='ocrx_word' id='word_1_329' title='bbox 669 4405 965 4488; x_wconf 90' lang='lat' dir='ltr'><strong>Noverintproinde</strong></span> <span class='ocrx_word' id='word_1_330' title='bbox 979 4410 1042 4467; x_wconf 86' lang='lat' dir='ltr'><strong>tarn</strong></span> <span class='ocrx_word' id='word_1_331' title='bbox 1057 4411 1220 4484; x_wconf 88' lang='lat' dir='ltr'><strong>presentes</strong></span> <span class='ocrx_word' id='word_1_332' title='bbox 1241 4424 1334 4485; x_wconf 87' lang='lat' dir='ltr'><strong>quam</strong></span> <span class='ocrx_word' id='word_1_333' title='bbox 1355 4407 1461 4485; x_wconf 82' lang='lat' dir='ltr'><strong>tuturi,</strong></span> <span class='ocrx_word' id='word_1_334' title='bbox 1482 4408 1818 4489; x_wconf 88' lang='lat' dir='ltr'><strong>quodcurnlobannes</strong></span> 
     </span>
     <span class='ocr_line' id='line_1_44' title="bbox 512 4492 1818 4581; baseline 0.002 -20"><span class='ocrx_word' id='word_1_335' title='bbox 512 4503 543 4561; x_wconf 94' lang='lat' dir='ltr'><strong>et</strong></span> <span class='ocrx_word' id='word_1_336' title='bbox 572 4500 664 4563; x_wconf 84' lang='lat' dir='ltr'><strong>Anne</strong></span> <span class='ocrx_word' id='word_1_337' title='bbox 695 4497 811 4560; x_wconf 89' lang='lat' dir='ltr'><strong>milites</strong></span> <span class='ocrx_word' id='word_1_338' title='bbox 837 4500 870 4558; x_wconf 93' lang='lat' dir='ltr'><strong>et</strong></span> <span class='ocrx_word' id='word_1_339' title='bbox 891 4492 1105 4557; x_wconf 81' lang='lat' dir='ltr'><strong>Theodericus</strong></span> <span class='ocrx_word' id='word_1_340' title='bbox 1133 4493 1246 4557; x_wconf 88' lang='lat' dir='ltr'><strong>l&#39;ratrcs</strong></span> <span class='ocrx_word' id='word_1_341' title='bbox 1271 4494 1311 4558; x_wconf 91' lang='lat' dir='ltr'><strong>de</strong></span> <span class='ocrx_word' id='word_1_342' title='bbox 1336 4495 1568 4575; x_wconf 86' lang='lat' dir='ltr'><strong>llartsingcrod</strong></span> <span class='ocrx_word' id='word_1_343' title='bbox 1597 4506 1734 4561; x_wconf 89' lang='lat' dir='ltr'><strong>montem</strong></span> <span class='ocrx_word' id='word_1_344' title='bbox 1762 4500 1818 4581; x_wconf 83' lang='lat' dir='ltr'><strong>qui</strong></span> 
     </span>
    </p>
   </div>
   <div class='ocr_carea' id='block_1_10' title="bbox 0 0 2234 5167">
    <p class='ocr_par' dir='ltr' id='par_1_13' title="bbox 0 0 2234 5167">
     <span class='ocr_line' id='line_1_45' title="bbox 0 0 2234 5167; baseline 0 6"><span class='ocrx_word' id='word_1_345' title='bbox 0 0 2234 5167; x_wconf 95' lang='lat' dir='ltr'><strong> </strong></span> 
     </span>
    </p>
   </div>
  </div>
 </body>
</html>
