4459 5167
502 322 555 379 246
759 330 1043 392 cistercienserinnen·
1063 330 1281 399 (Heiligenblut)
1298 330 1556 385 KlosterWaterler.

501 481 707 564 inscriptione
729 480 855 545 testium
877 479 1076 565 perbennari
1119 480 1219 561 lgitur
1229 488 1336 545 tenore
1347 480 1544 563 presencium
1557 478 1810 561 recognoscimus

500 589 539 633 ac
558 568 695 635 fideliter
715 576 934 653 protestamur,
955 567 1040 651 quod
1061 569 1102 632 ad
1125 569 1315 635 instanciam
1336 588 1464 652 precum
1475 568 1662 652 specialium
1674 569 1809 635 militum

502 664 677 724 nostrorum
698 658 850 724 Iohannis
871 657 912 725 de
930 658 1112 725 Emerslere
1129 665 1161 724 et
1181 659 1340 743 Lyppoldi
1360 657 1418 725 filii
1444 658 1546 741 ipsius
1572 676 1716 723 mansum
1738 678 1808 723 cum

500 747 633 813 dimidio
658 749 753 813 situm
780 748 813 813 in
834 748 913 814 villa
933 755 966 813 et
986 768 1098 831 campo
1121 748 1253 814 Hrlslere
1279 768 1400 815 necnon
1422 748 1588 813 dimidiam
1609 747 1730 813 curiam
1750 746 1831 813 ibi·'

500 837 573 901 dem
598 837 708 918 sitam,
739 837 780 902 de
809 837 924 921 quibus
951 836 1093 903 anobis
1121 838 1236 921 prelati
1263 838 1382 903 milites
1406 838 1531 903 fuerant
1557 836 1745 919 inpheudati
1769 856 1808 903 an

500 928 591 993 nobis
601 927 776 993 liberaliter
796 927 1047 1009 resignaverunt,
1067 946 1132 992 una
1152 947 1222 992 cum
1244 928 1436 1010 proprietate
1454 934 1486 993 (1
1507 926 1653 992 omnibus
1673 926 1810 992 attinen-

500 1016 559 1081 ciis
580 1023 645 1081 tam
667 1016 700 1080 in
712 1016 790 1081 villa
801 1035 895 1099 quam
916 1015 949 1080 in
962 1035 1075 1099 campo
1090 1016 1282 1081 monasterio
1293 1014 1579 1081 sanctimonialium
1593 1014 1810 1081 inWaterlere

501 1105 690 1170 donavimus
708 1114 740 1171 et
760 1106 947 1171 contulimus
969 1111 1122 1189 perpetuo
1142 1112 1175 1171 et
1194 1104 1335 1187 legitimo
1357 1103 1561 1187 proprietatis
1583 1105 1683 1188 tytulo
1710 1105 1810 1190 possi-

503 1193 657 1268 dendum,
688 1194 859 1260 accedente
879 1212 1034 1259 consensu
1053 1195 1193 1259 omnium
1220 1193 1369 1259 heredum
1401 1200 1576 1259 nostrorum
1598 1194 1809 1277 legitimorum

502 1289 534 1347 (1
553 1284 693 1349 omnium
714 1284 848 1364 illorum,
869 1303 999 1365 quorum
1021 1284 1168 1349 voluntas
1189 1292 1221 1349 et
1242 1302 1413 1351 consensus
1434 1282 1475 1349 ad
1495 1283 1555 1349 boc
1569 1283 1610 1350 de
1628 1284 1695 1349 iure
1708 1284 1810 1350 fuerat

502 1373 722 1455 requirendus,
744 1372 888 1439 volentes
917 1372 1022 1456 ipsum
1043 1374 1267 1439 monasterium
1293 1373 1334 1438 de
1360 1372 1555 1458 proprietate
1582 1380 1613 1438 ct
1633 1372 1810 1439 donacione

501 1462 707 1543 warandare,
729 1462 909 1545 ubicunque
929 1480 965 1528 se
986 1463 1073 1527 locus
1093 1462 1243 1527 obtulerit
1264 1470 1295 1528 (1
1316 1463 1450 1529 incultas
1471 1468 1503 1526 et
1523 1462 1651 1545 quando
1676 1484 1697 1529 a
1719 1463 1811 1529 nobis

499 1552 594 1617 inerit
614 1551 816 1633 requisitum,
837 1550 941 1617 mansi
961 1549 1113 1616 videlicet
1133 1558 1165 1617 (1
1185 1551 1310 1616 dimidii
1333 1552 1397 1617 iam
1418 1550 1496 1615 dicti
1517 1559 1549 1618 et
1569 1551 1702 1619 dimidie
1723 1553 1809 1619 curie

502 1648 694 1727 prenarrata.
744 1640 787 1705 Ut
817 1646 922 1705 autem
955 1640 1135 1705 huiusmodi
1167 1641 1298 1705 donatio
1326 1660 1347 1705 a
1374 1640 1466 1707 nobis
1499 1641 1625 1707 stabilis
1659 1649 1691 1707 et
1719 1641 1810 1707 firma

502 1738 701 1817 permaneat,
721 1749 851 1815 presens
872 1729 1024 1812 scriptum
1045 1730 1146 1811 sigilli
1168 1730 1265 1795 nostri
1291 1728 1464 1795 munimine
1492 1730 1671 1797 roboratum
1704 1730 1808 1797 cidem

501 1822 693 1887 monasterio
719 1819 866 1885 duximus
894 1816 1138 1883 concedendum.
1181 1819 1293 1884 Testes
1318 1818 1411 1885 huius
1435 1818 1617 1885 donationis
1644 1827 1731 1884 sunt:
1761 1818 1810 1884 Io·

503 1911 624 1974 hannes
659 1909 699 1974 de
730 1908 884 1987 lerksem,
913 1906 1069 1971 Henricus
1101 1905 1142 1971 de
1174 1907 1376 1974 Derneborclr
1410 1908 1542 1987 milites;
1582 1908 1737 1975 chricus
1769 1908 1809 1975 de

502 1998 734 2080 Bentzingerod
759 2004 791 2062 (1
818 1996 977 2061 Iohannes
998 1995 1096 2061 frater
1123 2016 1197 2061 snus
1222 1996 1326 2062 dictus
1352 1997 1486 2078 Rovern,
1514 1997 1672 2063 lohannes
1696 1998 1809 2078 Kozze,

501 2086 669 2151 Bertoldus
703 2085 818 2165 Uinici,
852 2084 1010 2149 lohannes
1043 2083 1085 2149 (1(
1118 2083 1253 2167 Myrina,
1288 2084 1444 2151 Henricus
1478 2085 1518 2152 de
1549 2086 1809 2169 Harlingcberch,

502 2175 618 2239 Daniel
656 2181 688 2239 (1
718 2173 877 2239 lohannes
911 2174 1024 2238 fratres
1053 2173 1133 2238 dieti
1161 2173 1275 2255 Schat,
1313 2174 1495 2241 Fridericus
1528 2176 1568 2241 (1(
1599 2175 1746 2259 Mordorp
1777 2182 1810 2241 et

501 2264 665 2347 Reyuerus
685 2262 769 2328 lilius
788 2283 879 2344 suus,
900 2264 993 2327 Anno
1014 2261 1188 2345 Kolgmve,
1211 2262 1365 2329 Henricus
1385 2264 1425 2331 de
1446 2264 1672 2345 Severthusen,
1700 2270 1732 2329 (1
1753 2263 1809 2328 alii

501 2356 705 2438 quamplures
725 2354 834 2419 famuli
853 2351 1014 2435 fidedigni.

582 2444 700 2508 Datum
721 2450 753 2508 (1
778 2449 884 2506 actum
905 2440 1125 2521 Derneborch‚
1151 2462 1236 2507 anno
1261 2442 1381 2507 domini
1403 2442 1569 2509 millesimo
1597 2442 1810 2508 tricentesimo

502 2530 651 2605 secundo,
671 2532 704 2596 in
725 2530 886 2596 dominica
906 2549 970 2613 qua
990 2538 1137 2595 cantatur
1157 2531 1333 2596 luvocavit.

574 2682 910 2753 permanaturam
928 2682 1019 2752 soca.
1062 2683 1119 2752 vor.
1144 2684 1203 2751 rar.
1228 2684 1311 2751 run,
1332 2683 1384 2738 no.
1403 2687 1445 2740 59.

505 2898 545 2960 θ.
571 2878 612 2961 J.
639 2874 917 2958 1303—1320.

610 3028 771 3105 Wasnod,
798 3028 862 3093 Aba
885 3048 928 3092 aar
952 3027 1163 3103 Maricatbul,
1193 3030 1305 3093 alrami
1330 3031 1489 3095 Aebtr'ssr'rr
1513 3033 1583 3095 uod
1610 3033 1745 3097 Cmrumd
1769 3052 1810 3098 aa

613 3125 766 3192 Worerlcr
788 3126 822 3189 irc
841 3126 893 3189 die
912 3124 1145 3205 Brdderscbaft
1162 3126 1263 3191 scices
1283 3126 1322 3191 K
1324 3127 1430 3192 oscos
1449 3131 1518 3210 aut.

585 3259 770 3325 Venerabili
799 3260 833 3323 in
867 3258 993 3323 Christo
1023 3258 1116 3322 matri
1152 3278 1191 3324 ac
1225 3260 1398 3326 reverende
1433 3260 1559 3327 domine
1582 3312 1618 3328 ..
1648 3263 1812 3331 abbatisse

505 3358 614 3416 sancte
642 3350 742 3414 llarie
773 3347 909 3430 virginis
942 3348 975 3411 in
1004 3347 1178 3413 Waterlere
1209 3348 1307 3414 frater
1338 3346 1549 3437 Was[modus]
1581 3352 1682 3418 abbas
1711 3352 1812 3419 Vallis

505 3445 614 3505 sancte
635 3438 735 3502 Marie
756 3436 896 3520 quelibet
915 3435 1069 3519 obsequia
1087 3437 1237 3503 karitatis
1262 3443 1294 3504 et
1318 3438 1494 3505 orationum
1520 3440 1703 3525 suffragium
1730 3443 1812 3507 salu-

505 3534 581 3592 tare.
623 3525 780 3607 Exigente
802 3525 854 3609 pie
875 3524 1054 3592 devotionis
1073 3527 1198 3607 affectu,
1217 3547 1310 3610 quem
1333 3526 1375 3593 ad
1396 3528 1522 3596 domum
1538 3536 1676 3595 nostram
1691 3532 1812 3614 specia-

506 3618 578 3681 liter
609 3622 746 3680 vestram
778 3616 929 3698 pietatem
964 3615 1081 3681 habere
1112 3618 1335 3699 cognovimus,
1365 3618 1576 3701 peticionibus
1610 3619 1725 3683 vestris
1756 3638 1812 3704 per

506 3707 635 3770 fratrem
662 3703 845 3769 Denkernm
873 3706 1060 3771 monachum
1088 3714 1228 3771 nostrum
1258 3707 1350 3773 nobis
1376 3708 1493 3773 oblatis
1520 3708 1657 3790 benigno
1686 3728 1813 3774 concur·

507 3800 612 3861 rentes
633 3812 781 3874 assensu,
809 3792 1010 3860 concedimus
1031 3797 1123 3861 vobis
1145 3797 1300 3879 simulque
1329 3797 1413 3863 omni
1440 3797 1685 3880 congregacioni
1708 3807 1813 3865 vestre

507 3883 633 3969 plenam
646 3882 876 3947 fraternitatem
898 3890 930 3948 et
948 3886 1152 3969 participium
1174 3886 1313 3951 omnium
1336 3884 1495 3967 bonorum,
1518 3906 1579 3967 que
1592 3886 1671 3951 liunt
1690 3908 1811 3954 necnon

506 3970 548 4036 (1(
569 3976 672 4036 cetero
692 3969 769 4035 fient
790 3970 823 4034 in
845 3969 937 4037 domo
958 3980 1067 4038 nostra
1086 3974 1120 4039 in
1141 3975 1209 4039 vita
1229 3974 1348 4058 pariter
1369 3981 1400 4039 et
1421 3974 1453 4039 in
1474 3980 1582 4039 morte.
1624 3976 1674 4041 lta
1698 3978 1813 4043 restris

507 4060 599 4127 bonis
619 4058 767 4144 operibns
788 4060 960 4144 participes
980 4059 1049 4126 lieri
1070 4081 1254 4143 mereamur.

584 4212 688 4266 Ursclrr.
708 4212 784 4281 Pcrp.
819 4212 902 4281 Duc,
937 4219 983 4268 ine
1000 4215 1141 4283 spitamete
1166 4215 1339 4284 chbssr'cpel
1359 4216 1394 4269 iat
1411 4217 1572 4271 aerbroclma
1610 4217 1652 4271 Es
1674 4218 1739 4285 raiol
1761 4216 1814 4269 dea

508 4282 871 4409 mwfflffi
954 4284 1100 4353 anaclrrr'lt
1116 4286 1237 4350 nocb:†
1256 4324 1418 4341 ..........
1430 4286 1812 4351 [turnacense.
