4459 5167
1544 334 1638 387 Nr.
1681 333 1763 387 94.
1802 351 1849 388 a.
1893 334 2042 388 1467.
2990 331 3089 385 167

478 479 763 564 ipsorum
807 480 1286 564 privilegiorum
1343 487 1405 545 et
1458 480 1819 546 libertatum
1872 502 1949 547 ac
2005 482 2355 546 litterarum
2411 488 2689 549 tenorem
2746 502 2859 566 per
2903 500 3088 564 quos-

474 588 745 651 cumque
789 570 1072 635 indebite
1112 571 1460 651 molestari,
1521 579 1584 635 et
1637 572 1692 636 si
1740 572 2134 652 contingeret
2188 591 2304 636 nos
2358 571 2421 649 in
2475 573 2690 652 aliquo
2729 577 2873 654 post
2925 590 3087 634 com-

472 657 839 723 missionem
882 667 1160 724 nostram
1204 659 1561 724 huiusmodi
1588 661 2078 742 preinsertarum
2104 660 2454 725 litterarum
2485 659 2704 741 vigore
2729 659 3087 740 procedere,

468 746 551 810 de
632 767 755 828 quo
830 748 1015 812 nobis
1077 754 1454 831 potestatem
1527 748 1953 814 omnimodam
2015 768 2442 823 reservamus,
2513 767 2635 812 non
2700 746 3083 811 intendimus

470 841 814 918 propterea
870 837 1371 901 commissionem
1434 844 1712 901 nostram
1771 837 2130 902 huiusmodi
2182 839 2247 900 in
2304 838 2519 919 aliquo
2571 855 2897 916 revocare,
2963 835 3084 900 nisi

472 923 556 988 de
628 924 746 989 hoc
792 925 1136 1007 specialem
1189 926 1254 988 in
1318 925 1550 990 nostris
1613 926 1865 996 litteris*
1902 926 2235 990 fecerimus
2305 926 2728 1005 mencionem,
2784 943 2903 988 nec
2968 943 3082 1007 per

473 1013 981 1078 commissionem
1047 1015 1252 1098 ipsam
1324 1015 1556 1080 nostris
1620 1015 1683 1078 in
1743 1014 1863 1079 hac
1941 1022 2123 1098 parte
2187 1013 2623 1097 quoquomodo
2684 1013 3082 1098 preiudicare

463 1100 749 1182 collegis.

627 1191 701 1253 In
745 1210 1005 1272 quorum
1033 1192 1059 1272 ΙΙ
1089 1193 1363 1256 omnium
1413 1197 1477 1255 et
1517 1191 1906 1272 singulorum
1948 1191 2134 1258 fidem
2179 1199 2243 1256 et
2288 1191 2712 1256 testimonium
2744 1191 3076 1276 premisso-

466 1299 606 1343 rum
646 1287 974 1362 presentes
1014 1288 1262 1345 nostras
1318 1281 1564 1345 litteras
1617 1280 1850 1345 exinde
1902 1280 2039 1346 fieri
2092 1289 2156 1345 et
2211 1300 2326 1364 per
2389 1281 2704 1346 notarium
2756 1280 3078 1366 publicum

463 1368 938 1453 infrascriptum
986 1369 1300 1434 subscribi
1337 1376 1400 1434 et
1455 1369 1767 1452 publicari
1825 1370 2268 1435 mandavimus
2319 1370 2639 1452 nostrique
2703 1369 2900 1452 sigilli
2954 1370 3080 1433 ius-

462 1456 661 1521 simus
702 1463 769 1521 et
809 1457 1071 1523 fecimus
1112 1458 1506 1541 appensione
1550 1459 1800 1524 muniri.
2552 1528 2557 1532 ,

630 1545 867 1610 Datum
909 1552 973 1611 et
1010 1554 1221 1612 actum
1265 1547 1331 1611 in
1372 1548 1521 1612 aula
1561 1554 1778 1613 nostra
1816 1546 2386 1630 Magdeburgensi,
2443 1548 2561 1613 sub
2615 1567 2783 1612 anno
2839 1566 2878 1610 a
2920 1546 3080 1610 nat-i-

456 1635 664 1700 vitate
706 1634 945 1699 domini
989 1636 1323 1702 millesimo
1365 1635 1989 1718 quadringentesimo
2028 1636 2430 1717 sexagesimo
2472 1643 2679 1716 sexto,
2734 1635 3080 1700 indictione

460 1724 974 1805 quartadecima,
1036 1725 1143 1789 die
1197 1745 1348 1790 vero
1399 1726 1724 1800 Mercurii,
1785 1734 1967 1791 sexta
2020 1726 2260 1790 mensis
2317 1725 2618 1807 Augusti,
2679 1722 3085 1807 pontificatus

459 1811 848 1876 sanctissimi
891 1814 957 1876 in
994 1814 1244 1879 Christo
1284 1815 1486 1897 patris
1540 1821 1604 1879 et
1644 1815 1883 1880 domini
1925 1819 2121 1879 nostri
2175 1815 2414 1880 domini
2455 1813 2636 1877 Pauli
2678 1812 2900 1875 divina
2940 1829 3079 1892 pro-

458 1898 763 1965 videncia
806 1920 973 1984 pape
1014 1903 1275 1967 secundi
1308 1923 1477 1967 anno
1518 1903 1824 1982 secunde,
1871 1903 2270 1986 presentibus
2324 1903 2560 1968 ibidem
2604 1899 3077 1965 honorabilibus

459 1989 618 2053 viris
664 1990 1002 2055 Valentino
1046 1993 1337 2073 Spieser,
1377 1993 1681 2057 canonico
1734 1992 1919 2057 beate
1972 1993 2172 2058 Marie
2232 1993 2502 2075 virginis
2541 1989 2961 2055 Coswicensis
3003 1995 3079 2052 'et

456 2079 721 2143 Hinrico
761 2079 1137 2156 Salomonis,
1182 2080 1348 2145 laico
1389 2081 1961 2163 Magdeburgensi,
2021 2083 2290 2147 testibus
2344 2081 2428 2145 ad
2470 2080 2780 2164 premissa
2832 2076 3077 2143 vocatis

455 2167 825 2251 specialiter
865 2175 930 2232 et
969 2169 1229 2251 rogatis.

551 2263 568 2268 '
620 2256 1274 2337 (Notariatszez‘chen.)

652 2380 654 2382 ·
760 2347 841 2411 Et
884 2366 1004 2428 ego
1026 2346 1387 2412 Bernardus
1418 2347 1712 2427 Bekerer,
1740 2348 2005 2413 clericus
2028 2347 2546 2430 Osnabrugensis
2571 2344 2844 2412 diocesis
2871 2342 3074 2427 publi-

659 2453 769 2498 cus
811 2437 1164 2518 apostolica
1203 2444 1267 2500 et
1306 2436 1622 2518 imperiali
1664 2437 2147 2501 auctoritatibus
2194 2438 2496 2518 notarius,
2538 2438 2688 2518 quia
2714 2431 3072 2498 huiusmodi

659 2520 1009 2587 litterarum
1037 2524 1525 2608 apostolicarum
1557 2525 2040 2607 presentacioni,
2067 2525 2444 2607 recepcioni,
2471 2524 2896 2606 requisicioni,
2932 2521 3074 2586 sub-

662 2610 1060 2693 delegacioni
1123 2619 1187 2679 et
1257 2613 1591 2697 potestatis
1665 2614 1920 2679 dacioni
1982 2614 2253 2696 aliisque
2319 2614 2672 2697 premissis,
2745 2612 2894 2676 dum
2960 2610 3073 2690 sic,

659 2705 728 2763 ut
768 2702 1178 2784 premittitur,
1233 2721 1350 2786 per
1397 2703 1707 2786 prefatum
1761 2702 2355 2768 reverendissimum
2415 2703 2480 2765 in
2525 2700 2775 2766 Christo
2827 2705 3070 2783 patrem

662 2788 983 2854 dominum
1026 2791 1370 2857 Iohannem
1406 2791 1985 2875 archiepiscopum,
2041 2792 2376 2875 primatem
2429 2799 2494 2856 et
2545 2796 3072 2866 conservatorem,

659 2897 736 2942 ac
772 2898 983 2943 coram
1018 2881 1102 2957 (?)
1143 2889 1207 2946 et
1248 2881 1469 2945 fierent
1511 2888 1574 2947 et
1616 2889 1950 2963 agerentur
1994 2902 2262 2947 unacum
2304 2881 2764 2966 prenominatis
2804 2876 3072 2943 testibus

661 2984 923 3047 presens
953 2968 1207 3033 interfui
1230 2988 1462 3051 easque
1486 2970 1579 3033 sic
1608 2969 1741 3033 fleri
1768 2970 1900 3033 vidi
1927 2976 1991 3033 et
2011 2970 2251 3040 audivi,
2290 2971 2434 3035 ideo
2462 2988 2722 3053 presens
2749 2968 3071 3052 publicum

667 3056 1144 3121 instrumentum
1196 3077 1385 3121 manu
1440 3059 1699 3122 alterius
1756 3058 2026 3122 fideliter
2074 3059 2495 3141 conscriptum
2538 3057 2770 3123 exinde
2810 3053 3069 3133 confeci,

660 3143 1006 3229 subscripsi
1073 3153 1138 3209 et
1208 3147 1274 3209 in
1340 3146 1503 3211 hanc
1566 3147 1884 3231 publicam
1949 3149 2213 3213 formam
2268 3148 2517 3229 redegi,
2579 3147 2886 3227 signoque
2942 3161 3066 3225 quo

656 3233 1031 3298 auctoritate
1063 3237 1414 3319 apostolica
1455 3236 1744 3318 predicta.
1786 3242 1925 3301 utor
1955 3245 2019 3301 et
2060 3236 2313 3302 nomine
2337 3237 2577 3321 meis(!)
2604 3235 2807 3298 solitis
2833 3238 2897 3295 et
2921 3250 3063 3296 con-

657 3324 854 3388 suetis
916 3344 1184 3390 unacum
1254 3324 1535 3389 eiusdem
1598 3325 1837 3390 domini
1902 3326 2399 3409 archiepiscopi,
2467 3323 2755 3407 primatis
2808 3326 2872 3386 et
2922 3339 3066 3385 con-

659 3413 999 3478 servatoris
1042 3414 1433 3496 appensione
1476 3414 1672 3494 sigilli
1720 3414 1976 3495 signavi
2020 3421 2084 3478 et
2127 3414 2506 3477 communivi
2550 3418 2806 3493 rogatus
2861 3414 2924 3474 et
2978 3429 3069 3473 re-

667 3502 938 3582 quisitus
960 3503 1026 3566 in
1046 3503 1235 3567 fidem
1259 3509 1323 3566 et
1346 3503 1770 3567 testimonium
1795 3504 2069 3568 omnium
2101 3510 2164 3567 et
2193 3502 2581 3584 singulorum
2604 3501 3063 3591 premissorum.
3092 3509 3098 3515 ’

606 3625 818 3680 Urschr.
867 3626 1045 3680 ufer-n.
1102 3625 1225 3679 Das
1261 3626 1426 3695 Sieyel
1462 3626 1531 3679 ist
1570 3627 1717 3680 nicht
1758 3627 1904 3680 mehr
1938 3627 2258 3680 wrhanden.

593 3695 653 3799 l)
689 3731 957 3785 Hdschr..·
991 3737 1188 3786 sancte.

454 3939 680 4022 1467.
734 3940 788 4022 J
794 3940 928 4021 uli
964 3941 1088 4023 25.
1144 3939 1625 4039 Niirnberg.
2931 3941 3063 4023 94.

653 4090 789 4156 Der
834 4093 1398 4173 Cardinalpriester
1442 4093 1621 4157 Peter
1634 4144 1647 4164 ‚
1703 4095 1801 4156 als
1838 4095 2214 4174 pcipstlieher
2256 4095 2451 4174 Leyat
2503 4096 2571 4157 in
2612 4093 3061 4171 Deutschland,

536 4244 540 4248 .
653 4190 936 4271 bestdtiyt
975 4191 1092 4254 den
1122 4192 1516 4271 Auyuste‘ner
1537 4192 2162 4256 Ee‘nsz'edlerlcldsiern
2193 4212 2278 4256 zu
2305 4192 2717 4272 DIaydebury,
2761 4191 3062 4255 Himmel-

650 4290 931 4368 moden,
1001 4286 1317 4364 Dresden,
1388 4287 1737 4352 Waldheim
1799 4289 1936 4352 wnd
2009 4289 2086 4351 N
2081 4289 2346 4368 iirnbery
2408 4290 2526 4352 (las
2582 4288 2807 4353 Indult
2866 4288 3062 4369 Pap-st

656 4383 914 4464 Euyens
952 4384 1005 4446 I
1007 4384 1098 4460 V„
1150 4386 1312 4449 nach
1352 4385 1631 4449 welchem
1664 4387 1808 4465 jene
1852 4386 2153 4450 Conventa>
2192 4386 2291 4449 als
2333 4387 2467 4448 eine
2506 4386 2829 4450 bescmdere
2868 4391 3064 4467 resor-

654 4479 839 4546 mirte
878 4481 1333 4566 Kbtperschaft
1383 4488 1568 4547 anter
1621 4483 1816 4547 einem
1868 4483 2047 4548 selbst
2088 4503 2171 4548 zu
2209 4483 2576 4547 wdhlendm
2633 4484 2822 4550 Vicar
2883 4503 3065 4548 aner-
