4459 5167
533 339 587 400 288
786 342 1075 404 Cistereienserinnen·
1095 342 1313 419 (Belligenblnt)
1331 343 1590 408 KlosterWaterler.
1700 387 1708 399 -

631 612 793 691 Aureus,
814 614 953 695 Bisobof
965 634 1025 680 000
1046 615 1264 694 Holherstodt,
1284 618 1350 700 prbi
1369 618 1439 682 dem
1458 616 1591 681 Kloatcr
1610 615 1764 683 Waterlcr
1782 618 1843 681 dus

631 710 824 793 117ἱο0011000
851 712 908 777 der
932 733 992 777 oon
1015 714 1077 777 den
1105 713 1290 779 omnum
1315 736 1373 779 oon
1403 714 1562 779 Goroisclre
1591 715 1757 797 0010001100
1782 735 1841 779 oon

630 809 696 873 um
720 809 943 891 lclrmaibrt'qert
966 811 1037 874 und
1063 811 1127 874 11100
1157 812 1396 893 outgclcssertea
1428 819 1449 877 6
1469 812 1580 894 Husen
1603 816 1717 875 scmnrt
1741 813 1838 876 cirtem

631 906 716 990 Hele
741 928 784 973 au
812 905 966 973 Wotcrlcr
993 908 1082 972 nebat
1110 910 1210 973 einero
1237 909 1395 989 Holsflcel·
1430 910 1477 975 bei
1503 910 1572 973 dem
1606 908 1747 974 10010100
1770 910 1840 974 ond

590 1057 596 1072 .
630 1004 729 1069 01000
748 1004 881 1082 undem
899 1002 1033 1071 Rimrod
1050 1011 1200 1087 penmmt.

608 1101 768 1170 Albertns,
778 1101 832 1169 dei
852 1104 959 1187 gratia
977 1104 1260 1171 Halberstadensis
1281 1107 1415 1173 ecclesie
1435 1107 1604 1191 episcopus
1630 1105 1778 1173 omnihus
1806 1107 1838 1169 in

528 1199 725 1276 perpetuum.
767 1190 865 1257 hloris
892 1198 941 1257 est
973 1192 1161 1276 approbati,
1190 1202 1224 1259 nt
1253 1194 1336 1277 qnod
1366 1194 1426 1260 rite
1460 1196 1581 1277 geritur
1617 1195 1649 1259 in
1681 1196 1838 1279 scriptura

461 1354 466 1363 ,
530 1280 705 1348 anttcntiea
724 1281 898 1364 redigatur,
918 1282 1113 1347 neversncie
1132 1282 1382 1365 malignancium
1399 1284 1431 1347 in
1453 1291 1611 1366 postemm
1633 1290 1743 1367 pateat
1756 1284 1838 1349 ullus

529 1373 625 1439 locus.
666 1372 750 1436 Hinc
770 1379 828 1450 est,
849 1370 934 1453 quod
954 1372 1208 1452 recognoscimus
1229 1371 1315 1437 etad
1332 1372 1477 1437 notitiam
1493 1371 1678 1438 deducimus
1688 1373 1837 1453 omnium,

528 1482 660 1545 quorum
680 1462 813 1527 interest
833 1459 884 1525 sel
904 1460 1021 1543 poterit
1040 1461 1208 1542 interesse,
1235 1460 1318 1544 quod
1344 1480 1415 1527 cum
1443 1460 1598 1527 discretus
1620 1462 1669 1526 vir
1690 1511 1697 1525 .
1720 1512 1742 1544 .,
1768 1482 1837 1547 pre

530 1552 653 1636 positus
671 1549 960 1616 sanctimonialium
981 1550 1165 1615 monasterii
1185 1552 1217 1614 in
1239 1550 1414 1616 Waterlere
1436 1556 1468 1615 et
1489 1550 1664 1633 abbatissa,
1684 1552 1838 1637 priorissa

528 1648 675 1723 totusque
708 1644 882 1705 conventus
913 1637 1032 1703 ibidem
1060 1659 1081 1703 a
1106 1639 1264 1703 strennuis
1294 1639 1422 1704 famulis
1452 1639 1634 1705 Hermanno
1660 1648 1691 1705 et
1720 1640 1837 1707 Ottone

527 1730 678 1797 iratribus
698 1728 795 1795 dietis
814 1726 855 1793 de
876 1725 1068 1793 Ghowisehe
1087 1746 1145 1793 sex
1165 1746 1292 1793 mansos
1312 1728 1391 1793 sitos
1410 1729 1443 1793 in
1469 1728 1591 1811 campis
1617 1728 1693 1794 ville
1714 1729 1836 1794 Water-

529 1820 594 1885 lere
613 1838 685 1885 eum
705 1836 771 1883 nna
790 1816 879 1881 curia
898 1815 961 1880 sita
982 1815 1016 1879 in
1041 1813 1154 1881 eadem
1175 1814 1254 1880 villa
1273 1835 1312 1879 00
1330 1815 1392 1881 dno
1418 1816 1552 1899 ligneta,
1582 1835 1712 1898 quorum
1737 1836 1835 1883 unum

530 1908 658 1974 adiacet
676 1906 743 1972 iam
763 1903 848 1970 dicte
868 1904 955 1968 curie
973 1909 1006 1970 et
1031 1902 1120 1967 aliud
1141 1902 1257 1969 dieitur
1275 1903 1428 1988 Rymrod,
1455 1925 1525 1970 curn
1547 1904 1613 1969 suis
1633 1906 1837 1987 pertinenciis

528 2006 595 2061 tam
619 1996 653 2060 in
678 1995 757 2059 villa
782 2012 877 2076 quarn
907 1992 940 2057 in
969 1994 1093 2077 eampis
1116 2012 1174 2077 pro
1201 1994 1339 2075 pecunia
1367 1994 1569 2077 beneplacita
1600 2000 1632 2057 et
1659 1995 1707 2060 eis
1733 1995 1836 2061 soluta

528 2085 620 2151 titnlo
642 2082 817 2167 empcionis
835 2089 1087 2165 comparassent3
1114 2101 1193 2163 quos
1214 2080 1342 2163 quidem
1361 2102 1499 2165 mansos,
1520 2084 1639 2149 curiam
1661 2091 1693 2150 et
1713 2085 1835 2167 ligneta

528 2172 607 2239 dieti
627 2172 738 2237 iamnli
758 2191 778 2235 a
797 2168 891 2236 nohis
910 2176 943 2235 et
963 2191 984 2235 a
1005 2176 1112 2234 nostra
1134 2170 1270 2235 eeclesia
1290 2169 1441 2237 hactenns
1464 2173 1497 2236 in
1519 2172 1644 2256 pheodo
1661 2179 1836 2239 tenuerunt

528 2261 591 2341 Qui
611 2259 740 2343 quidem
760 2258 870 2325 famuli
891 2258 1054 2323 innostra
1075 2258 1244 2343 presencia
1264 2260 1426 2324 constituti
1446 2258 1534 2325 dicta
1555 2261 1639 2327 bona
1668 2262 1702 2329 in
1723 2282 1836 2329 manus

527 2358 653 2415 nostras
682 2348 782 2414 libere
812 2348 1014 2431 resignarunt
1048 2366 1169 2429 nosque
1204 2347 1238 2410 in
1272 2348 1421 2413 manibus
1456 2351 1572 2416 nostris
1607 2349 1721 2416 eadem
1751 2352 1836 2417 hona

527 2444 672 2503 tenentes
686 2438 848 2519 resignata
865 2435 906 2500 de
919 2454 1074 2501 consensu
1089 2433 1321 2500 honorabilium
1334 2436 1471 2501 virorum
1485 2438 1648 2523 prepositi,
1671 2493 1677 2506 .
1694 2492 1701 2505 .
1720 2440 1835 2506 decani

528 2526 691 2608 tociusque
706 2524 838 2608 capituli
860 2573 889 2589 ..
910 2531 1017 2589 nostre
1038 2523 1173 2588 ecclesie
1189 2522 1284 2587 dictis
1300 2524 1471 2607 preposito,
1492 2525 1666 2610 abbatisse,
1686 2528 1835 2613 priorisse

527 2622 561 2680 et
580 2612 751 2681 conventui
770 2611 960 2679 donavimus
979 2612 1242 2697 presentibusque
1268 2610 1422 2679 donamus
1450 2633 1520 2679 oum
1549 2619 1744 2703 proprietate
1771 2625 1834 2682 tra-

528 2704 640 2770 dentes
677 2702 817 2786 ipsis..
847 2702 1079 2787 possessionem
1120 2720 1255 2766 vacuam
1292 2702 1479 2783 eomndem,
1514 2704 1720 2789 volumusque
1753 2706 1834 2791 ipsis

527 2811 642 2859 carere
665 2790 705 2856 de
726 2792 903 2872 eviecione,
931 2790 1143 2873 promittimus
1168 2788 1257 2873 ipsos
1283 2791 1406 2875 eripere
1433 2798 1465 2856 et
1491 2812 1619 2859 servare
1646 2794 1833 2880 indempnes

527 2883 570 2949 ab
597 2881 802 2967 impeticione
835 2899 892 2946 seu
918 2878 1143 2944 molestacione
1175 2878 1343 2945 cuiuslibet
1373 2900 1507 2964 persone
1539 2883 1753 2950 ecclesiastice
1780 2885 1832 2949 vel

526 2971 696 3037 mundane.
737 2970 774 3035 In
795 2990 926 3053 quorum
950 2968 1163 3033 testimonium
1190 2968 1323 3035 evidens
1349 2977 1526 3053 presentem
1551 2971 1689 3037 litteram
1716 2972 1834 3055 sigillis

527 3061 678 3128 videlieet
706 3068 811 3127 nostro
843 3066 875 3125 et
905 3058 982 3123 dicti
1009 3058 1109 3123 nostri
1136 3057 1268 3141 capituli
1301 3057 1456 3124 tradimus
1487 3059 1670 3141 sigillatam.
1720 3061 1833 3127 Testes

526 3171 603 3218 vero
623 3156 710 3216 sont:
732 3148 935 3215 honorabiles
956 3147 1016 3212 viri
1038 3147 1227 3212 lodowicus
1247 3146 1288 3212 de
1308 3146 1460 3229 Honsten,
1480 3147 1695 3214 thesaurarius
1712 3150 1833 3232 prefate

525 3250 632 3307 nostre
659 3240 794 3306 ecclesie
821 3244 853 3304 et
883 3244 994 3302 cantor
1020 3237 1154 3301 ecclesie
1181 3237 1214 3301 in
1240 3236 1447 3318 Ieoheburoh,
1473 3258 1511 3302 ac
1539 3238 1698 3305 lohannes
1728 3238 1832 3305 dietus

526 3330 697 3404 Schorben,
718 3328 890 3394 eanonicus
909 3324 1044 3390 ecclesie
1067 3326 1170 3389 sancti
1192 3324 1294 3405 Pauli,
1315 3331 1347 3389 et
1367 3325 1570 3409 quamplures
1589 3327 1646 3392 alii
1667 3326 1831 3409 fidedigni.

606 3418 725 3483 Datum
745 3434 829 3481 anno
849 3413 970 3479 domini
990 3411 1156 3477 millesimo
1177 3410 1270 3477 000⁰
1290 3413 1534 3495 quadragesimo
1554 3424 1678 3498 octavo,
1698 3417 1759 3481 llI⁰
1774 3417 1832 3482 ka·

525 3508 638 3574 landas
656 3506 803 3588 Augusti.

525 3603 813 3733 wlinemari.
849 3600 912 3657 Dos
928 3601 1068 3670 rpitaooole
1075 3598 1276 3669 Bisclrotssicpd
1295 3600 1453 3671 bescbridrqt,
1471 3601 1521 3657 dos
1534 3601 1740 3673 (100000100οφ1
1756 3604 1832 3659 aiclrt

617 3692 665 3731 oct·

527 3798 643 3881 1348.
670 3794 911 3879 November
927 3792 990 3876 ro.
1737 3796 1830 3879 luo.

626 3914 699 3981 Dos
724 3914 857 3979 Ktoster
884 3910 1037 3979 Woterler
1068 3909 1213 3989 10100001,
1240 3908 1316 3975 dass
1347 3910 1412 3977 ihm
1443 3910 1510 3977 0010
1539 3908 1651 3993 Propst
1677 3911 1831 3979 Nicotaus

629 4013 732 4078 sichen
760 4012 876 4088 Morio,
904 4011 955 4074 die
981 4030 1015 4074 er
1039 4028 1113 4075 eum
1138 4008 1282 4089 Aukouf
1304 4009 1357 4073 des
1382 4008 1489 4074 Leues
1514 4030 1573 4075 000
1605 4016 1624 4075 6
1651 4008 1763 4093 [Iessea
1790 4032 1831 4077 00

627 4108 780 4177 Waterier
807 4130 865 4175 oon
895 4109 956 4173 dea
985 4128 1044 4173 ooo
1072 4106 1231 4171 Gotoisehe
1262 4106 1332 4170 osu
1367 4107 1421 4171 des
1444 4106 1650 4188 Elpentirums
1679 4108 1833 4173 eoseum

626 4229 694 4273 oom
717 4208 856 4291 Biscbof
871 4206 1016 4271 Athreebt
1042 4224 1101 4268 oon
1121 4202 1326 4268 Haberemus
1346 4204 1496 4269 bestimmt
1518 4204 1586 4282 tat,
1611 4206 1749 4285 pelielren
1776 4206 1832 4270 1001

625 4307 694 4371 smd
715 4310 841 4372 00100101
860 4305 924 4369 rbm
943 4304 1044 4384 dotdr
1063 4306 1085 4365 3
1105 4300 1219 4382 Horten
1237 4301 1307 4364 ond
1326 4302 1385 4365 dos
1405 4300 1486 4367 Holr
1508 4300 1640 4366 Rimrod
1655 4308 1804 4383 peccunt.

605 4405 673 4471 Nos
703 4404 822 4486 Odylia
851 4402 1030 4481 abbatissa,
1062 4397 1259 4481 Adolheydis
1292 4398 1445 4482 priorissa
1476 4406 1622 4481 totusque
1656 4408 1830 4467 conventus

524 4495 813 4563 sanctimonialium
848 4492 982 4561 ecclesie
1010 4490 1093 4557 sacri
1123 4489 1289 4570 sanguinis
1319 4488 1412 4554 lhesu
1445 4488 1563 4555 Christi
1594 4490 1629 4555 in
1654 4489 1828 4555 Waterlere
