4459 5167
1389 325 1483 382 Nr.
1519 326 1764 383 43—45.
1800 344 1849 382 a.
1891 325 2042 382 1306.
2890 324 2997 380 253

373 473 698 558 presentia
752 491 865 540 seu
908 473 1143 540 visuris
1187 476 1475 561 cupimus
1516 493 1657 543 esse
1696 481 1911 542 notum
1930 525 1949 558 ,
2002 474 2168 558 quod
2212 473 2544 542 conradus
2593 473 2674 538 de
2715 473 3002 557 Rodhen,

375 562 691 628 buriensis
744 562 1083 640 oster-wic,
1138 563 1298 631 duos
1366 583 1625 632 mansos
1682 565 1747 630 in
1802 584 2027 650 campo
2084 564 2458 630 Romesleve
2511 564 2667 629 sitos
2729 564 3000 631 ecclesie

372 659 584 719 nostre
625 671 741 737 pro
783 671 1035 717 suorum
1078 653 1446 720 remissione
1490 655 1926 740 peccaminum
1951 654 2346 737 comparavit
2373 653 2784 739 proprietatis
2815 652 2998 717 titulo

336 746 680 827 ,perpetuo
736 741 1188 824 possidendos,
1254 763 1517 825 quorum
1579 749 1922 828 proventus
1978 745 2119 829 ipse
2182 751 2247 808 et
2311 742 2571 808 domina
2638 741 3001 808 Mechtildis

372 849 529 898 uxor
570 850 691 898 sua
724 829 829 895 vel
871 831 1033 896 alter
1072 832 1383 916 ipsorum,
1436 834 1542 915 qui
1587 839 1729 918 post
1787 839 2048 900 mortem
2100 833 2363 898 alterius
2418 837 2738 916 superstes
2791 833 2998 907 fuerit,

372 920 675 1003 quamdiu
731 920 1041 1002 vixerint,
1111 923 1178 987 in
1233 923 1546 1006 integrum
1611 923 1928 1008 recipiant
1993 923 2343 988 annuatim.
2446 921 2786 1002 Postquam
2850 940 2999 987 vero

373 1016 638 1092 uterque
688 1009 1061 1091 migraverit
1110 1011 1195 1076 ab
1248 1011 1369 1078 hac
1418 1012 1588 1093 luce,
1638 1012 1967 1078 Elizabeth
2021 1011 2155 1076 filia
2207 1009 2528 1094 quondam
2579 1008 2792 1073 fratris
2843 1009 3000 1089 eius,

372 1118 548 1164 soror
619 1102 862 1180 nostra,
929 1097 1335 1166 medietatem
1413 1099 1757 1168 eorundem
1818 1099 2178 1174 reddituum
2241 1119 2357 1183 pro
2416 1096 2552 1164 suis
2623 1097 2998 1180 indigentiis

374 1187 736 1254 relevandis
764 1189 953 1254 annis
991 1190 1264 1271 singulis
1303 1189 1388 1256 ad
1417 1191 1549 1256 vite
1588 1210 1701 1256 sue
1743 1197 2028 1275 tempora
2054 1191 2368 1268 sortietur,
2402 1187 2626 1253 eadem
2657 1186 3000 1252 medietate

371 1282 517 1361 post
553 1276 796 1343 obitum
841 1277 979 1341 eius
1020 1277 1103 1341 ad
1143 1278 1419 1344 officium
1462 1288 1674 1345 nostre
1708 1279 2059 1345 camerarie
2110 1275 2508 1362 deputanda,
2560 1273 2730 1339 unde
2782 1274 2999 1358 singu-

372 1365 574 1429 larum
618 1363 1013 1430 dominarum
1058 1367 1123 1432 in
1165 1368 1397 1432 vestitu
1422 1367 1745 1452 supplebit
1776 1367 2031 1451 inopias
2064 1372 2128 1431 et
2156 1365 2457 1431 defectus.
2524 1364 2622 1430 De
2653 1364 2996 1430 medietate

370 1474 521 1520 vero
597 1453 843 1535 reliqua
910 1472 1076 1539 cupa
1136 1455 1771 1538 Werningerodensis
1848 1456 2156 1522 cerevisie
2230 1453 2568 1521 conventui
2647 1459 2858 1519 nostro
2931 1453 2997 1517 in

372 1543 652 1609 crastino
713 1542 1010 1609 undecim
1069 1543 1314 1609 milium
1366 1545 1700 1628 Virginum
1770 1553 1833 1612 et
1912 1565 2040 1612 una
2101 1545 2315 1610 simila
2380 1542 2645 1609 cuilibet
2709 1561 2998 1627 persone,

370 1639 559 1716 prout
597 1631 681 1697 de
721 1630 971 1697 duabus
1012 1632 1340 1698 maldratis
1381 1634 1576 1700 tritici
1620 1634 1847 1719 pistari
1890 1639 2213 1718 poterunt,
2255 1631 2716 1698 ministrabitur
2756 1650 2996 1697 annua-

372 1723 513 1803 tim3
569 1740 693 1803 que
735 1721 1083 1787 consolatio
1124 1741 1361 1804 panum
1402 1728 1466 1787 et
1502 1723 1811 1788 cerevisie
1853 1722 1938 1788 ad
1990 1741 2165 1790 seras
2217 1720 2477 1787 claustri
2518 1718 2834 1785 deferetur
2883 1739 2999 1803 per

372 1828 600 1874 manus
640 1808 1037 1875 dominarum
1079 1811 1655 1876 sanctimonialium
1708 1811 2163 1896 dispensanda.
2248 1809 2331 1874 Et
2383 1808 2684 1892 quicquid
2727 1808 2808 1873 de
2850 1809 2996 1893 ipsa

370 1897 718 1964 medietate
778 1899 989 1965 adhuc
1041 1899 1361 1966 residuum
1412 1900 1632 1977 fuerit,
1690 1901 1756 1965 in
1809 1900 2105 1967 denarios
2157 1905 2585 1977 convertetur,
2641 1896 2723 1963 de
2765 1898 2996 1980 quibus

370 1986 669 2052 dominns
723 1988 1081 2073 prepositus
1131 1988 1163 2052 Ι
1203 1988 1504 2066 solidum,
1564 1989 1824 2057 domina
1885 1990 2216 2056 abbatissa
2276 1987 2547 2054 solidum
2596 1993 2660 2052 et
2727 1987 2996 2070 quilibet

371 2076 745 2159 capellanus
793 2096 908 2143 sex
960 2076 1257 2143 denarios
1309 2078 1659 2163 accipient,
1712 2086 1777 2144 et
1827 2079 2057 2161 reliqui
2113 2077 2494 2144 dominabus
2552 2075 2996 2141 claustralibus

371 2165 685 2248 equaliter
726 2165 1120 2247 dividentur,
1167 2172 1357 2252 prout
1396 2166 1797 2233 denariorum
1853 2186 2147 2233 numerus
2199 2186 2270 2233 se
2325 2164 2661 2232 exstendit.
2747 2165 2995 2230 Pret'ato

369 2275 621 2338 quoque
680 2255 787 2321 die
842 2254 1170 2321 memorati
1226 2255 1531 2337 Conradi,
1588 2256 1846 2321 Henrici
1904 2263 1969 2321 et
2024 2256 2356 2336 Iohannis,
2410 2256 2669 2319 fratrum
2725 2274 2996 2337 suorum,

370 2363 617 2412 necnon
674 2363 936 2409 uxorum
984 2362 1199 2410 eorum
1249 2349 1314 2410 et
1366 2351 1700 2430 parentum
1750 2344 1919 2410 diem
1968 2345 2471 2411 anniversarium
2526 2344 2592 2408 in
2637 2344 2881 2427 vigiliis
2936 2351 3001 2408 et

368 2433 434 2497 in
486 2433 689 2499 missa
740 2431 971 2515 iugiter
1021 2450 1099 2496 ac
1150 2431 1422 2499 fideliter
1476 2452 1872 2518 peragemus.
1957 2433 2161 2500 Huius
2213 2434 2309 2500 rei
2363 2440 2557 2499 testes
2611 2439 2788 2498 sunt:
2845 2433 2998 2496 Bur-

370 2521 647 2587 chardus
688 2520 772 2586 de
813 2521 1210 2603 Berwinkel,
1252 2522 1562 2589 Henricus
1603 2523 1917 2607 prefectus
1953 2542 2198 2591 necnon
2242 2522 2628 2588 universitas
2670 2522 2996 2587 consulum

371 2609 681 2676 Osterwic
734 2610 1043 2686 civitatiS‚
1109 2611 1410 2676 videlicet
1453 2610 1815 2679 Bernardus
1865 2610 1947 2676 de
1989 2611 2209 2677 Werre
2229 2661 2246 2694 ,
2297 2610 2704 2676 Burchardus
2751 2611 2831 2676 de
2871 2611 2997 2694 By-

369 2697 619 2782 wende,
660 2699 972 2763 Henricus
997 2696 1079 2763 de
1099 2698 1318 2780 Ponte,
1352 2699 1668 2766 Iohannes
1700 2705 1868 2765 retro
1904 2699 2192 2780 Macella,
2236 2699 2545 2766 Iordanus
2590 2699 2672 2765 de
2710 2700 2996 2781 Scowen,

374 2787 733 2854 Bernardus
796 2788 878 2853 de
929 2787 1262 2869 Osterrod,
1315 2789 1627 2855 Henricus
1692 2789 1933 2871 Faber,
1987 2788 2419 2854 Theodericus
2490 2789 2572 2854 de
2631 2789 2996 2870 Stoterling,

371 2876 677 2944 Ludolfus
745 2875 1151 2960 Eggehardi‚
1220 2877 1532 2945 Henricus
1591 2879 1791 2960 Rese,
1855 2877 2186 2944 Conradus
2243 2877 2531 2959 Wenlig,
2601 2895 2862 2959 quorum
2933 2884 2996 2942 et

372 2965 638 3031 ecclesie
677 2972 890 3030 nostre
930 2964 1150 3048 sigilla
1190 2985 1305 3050 pro
1345 2968 1631 3032 veritatis
1673 2967 1998 3034 evidentia
2037 2965 2443 3052 presentibus
2498 2972 2645 3032 sunt
2685 2986 2994 3052 appensa.

531 3052 769 3120 Datum
810 3073 977 3119 anno
1019 3054 1259 3121 domini
1296 3055 1716 3140 M⁰CCC⁰VI⁰,
1759 3058 1825 3122 in
1869 3057 1975 3123 die
2018 3058 2187 3122 beati
2231 3057 2431 3122 Marci
2477 3058 2910 3139 ewangeliste.

525 3169 738 3224 Urschr.
778 3170 880 3224 mit
912 3171 1263 3240 fraqrnmtar.
1300 3172 1609 3227 erhaltenen
1644 3172 1707 3227 Si
1762 3174 1877 3239 ebt,-
1912 3173 2013 3228 das
2051 3175 2464 3243 (hument-saiwai
2501 3190 2603 3226 von
2648 3174 2909 3228 Waterler
2946 3187 2997 3235 a,

380 3239 495 3364 {J'afi
520 3240 609 3306 H,
645 3239 751 3293 Nr.
769 3243 859 3364 {1⁹
896 3240 998 3295 das
1033 3240 1201 3311 Sieqel
1237 3259 1339 3296 von
1368 3243 1651 3298 Osterwoekk
1734 3246 1810 3312 af.
1844 3244 2008 3314 VIII,
2045 3244 2149 3301 Nr.
2180 3250 2250 3298 54
2284 3262 2407 3300 zum
2430 3243 2999 3314 Stotterlmyenburyer

426 3310 779 3366 rkwndenbuc
819 3353 831 3366 .

372 3499 609 3581 1306.
662 3497 717 3581 J
722 3497 853 3580 uli
889 3500 1018 3583 10.
1074 3497 1662 3586 Halberstadt.
2858 3506 2990 3590 45.

570 3632 888 3712 Almam,
928 3634 1192 3718 Bischof
1240 3657 1358 3701 von
1398 3636 1829 3716 Hacberstadt,
1884 3637 2013 3721 yibt
2050 3643 2165 3722 fiir
2207 3642 2301 3707 20
2338 3641 2540 3707 Mark
2583 3641 2815 3710 Silbers
2856 3645 2992 3707 dem

570 3730 651 3795 K
655 3731 835 3796 {aster
891 3732 1196 3798 Waterler
1263 3735 1381 3798 das
1445 3736 1827 3817 Eiyenthum
1898 3739 2008 3802 der
2065 3759 2183 3803 von
2249 3740 2372 3803 den
2445 3741 2813 3805 Gebrvidern
2876 3762 2993 3806 von

577 3828 861 3895 Gowisch
901 3831 1262 3913 θνῙεααῙῖεη,
1317 3853 1435 3896 von
1488 3835 1617 3897 ihm
1670 3855 1753 3899 zu
1792 3835 1968 3899 Lelm
2007 3838 2368 3902 rithrenden
2415 3839 2548 3903 υἱον
2588 3839 2815 3922 Hufen
2857 3841 2996 3904 und

570 3927 768 3991 einem
807 3927 978 4010 Hote
1013 3949 1097 3995 zu
1155 3929 1477 3996 Waterler.

528 4035 601 4099 ln
644 4035 897 4101 nomine
936 4043 1156 4103 sancte
1210 4044 1276 4103 et
1317 4038 1649 4104 individue
1690 4040 1997 4106 trinitatis
2023 4042 2049 4123 ΙΙ
2076 4042 2378 4108 Albertus
2422 4043 2526 4108 dei
2571 4045 2792 4126 gracia
2841 4046 2992 4110 Hal-

368 4124 802 4190 berstadensis
842 4127 1111 4192 ecclesie
1152 4127 1487 4212 episcopus
1530 4129 1821 4195 omnibus
1861 4131 1927 4194 in
1967 4137 2360 4214 perpetuum.
2444 4132 2543 4196 Ne
2573 4152 2652 4198 ea
2683 4153 2808 4215 que
2838 4134 2996 4200 fiunt

370 4214 433 4278 in
474 4221 790 4298 tempore,
842 4213 927 4279 ab
984 4214 1307 4279 hominum
1361 4216 1681 4282 memoriis
1732 4217 2020 4283 recidant
2068 4238 2181 4284 seu
2237 4220 2560 4301 labantur,
2627 4222 2821 4286 moris
2877 4230 2994 4305 est,

368 4303 511 4387 ipsa
566 4302 771 4368 solere
821 4302 1076 4368 testium
1130 4309 1196 4369 et
1239 4303 1688 4388 scripturarum
1729 4306 2055 4371 fulcimine
2110 4306 2413 4373 roborari.
2497 4309 2856 4395 Eapropter
2907 4313 2992 4377 ad

368 4393 800 4458 universorum
842 4391 1142 4458 devenire
1184 4393 1482 4457 noticiam
1526 4395 1882 4478 cupientes,
1927 4397 2326 4478 presentibus
2376 4401 2883 4480 recognoscimus
2929 4406 2995 4465 et

366 4481 618 4563 publice
673 4487 1121 4565 protestamur,
1175 4483 1377 4564 quod,
1436 4502 1578 4548 cum
1638 4484 1702 4547 in
1745 4483 1997 4550 Christo
2049 4485 2278 4553 devote
2341 4491 2405 4551 et
2459 4486 2586 4553 filie
2639 4486 2869 4553 dilecte
2913 4541 2924 4553 .
2974 4536 2991 4553 .
