4459 5167
837 320 1001 390 Augrrstirrcr
1018 319 1272 375 Elusiodlerlrlostor
1287 319 1515 412 llimmclpforlou.

625 469 784 534 illecebris
810 469 972 536 celestium
994 469 1254 554 contemplationi
1283 475 1434 534 vacantes
1456 471 1606 536 insistunt
1625 468 1743 552 iugiter
1761 489 1834 554 pro-

626 559 761 624 fectibus
782 561 966 624 animarum.
1008 560 1075 624 Nos
1096 566 1202 624 autem
1224 559 1264 622 ad
1278 559 1396 623 dictum
1412 558 1566 639 ordinem,
1588 577 1680 640 quem
1702 558 1735 622 in
1748 564 1833 621 statu

626 649 724 730 firmo,
745 648 846 712 solido
869 669 907 712 ac
927 648 1035 713 stabili
1056 646 1254 713 decrevimus
1274 655 1305 712 ct
1326 649 1468 712 volumus
1489 666 1688 730 permanere,
1708 653 1833 730 aposto-

626 737 688 801 lice
708 738 972 802 considerationis
988 739 1134 802 intuitum
1147 737 1328 820 dirigentes,
1349 737 1391 802 ad
1416 755 1454 802 ea
1475 735 1610 802 libenter
1632 737 1833 818 intendimus,

626 845 763 912 perque
787 829 979 909 professores
1000 826 1161 892 iamdicti
1184 827 1302 891 nullum
1327 828 1449 891 interne
1476 827 1566 909 pacis
1586 827 1753 909 paciantur
1779 845 1833 889 ex-

625 915 744 980 cidium
770 917 951 999 nullumque
976 917 1118 999 religiosi
1144 923 1245 982 status
1274 917 1433 999 perferant
1457 915 1698 1008 detrimentum,
1715 912 1770 980 sed
1794 933 1831 979 eo

626 1005 772 1069 devotius
791 1005 901 1069 divino
919 1006 1016 1070 cultui
1037 1025 1076 1069 ao
1098 1005 1210 1070 salutis
1236 1005 1385 1070 insistant
1414 1004 1579 1088 operibus,
1607 1023 1668 1086 quo
1695 1002 1833 1084 quietior

626 1099 727 1158 status
752 1093 846 1158 fuerit
874 1096 1045 1159 eorundem
1076 1095 1200 1178 ipsique
1227 1094 1372 1178 ampliori
1402 1093 1519 1158 fuerint
1545 1093 1691 1156 libertate
1718 1091 1829 1155 dotati.

626 1183 812 1266 Eapropter,
834 1182 941 1247 dilecti
958 1183 990 1246 in
1004 1184 1132 1247 domino
1144 1181 1210 1264 filii,
1231 1181 1409 1247 devotionis
1425 1188 1529 1246 vestre
1543 1180 1689 1265 precibus
1708 1180 1832 1245 favora-

626 1273 732 1337 biliter
752 1277 936 1350 annuentes,
958 1290 1015 1336 vos
1036 1279 1067 1335 et
1079 1272 1254 1354 predictum
1273 1270 1424 1340 ordinem,
1444 1289 1597 1354 personas
1617 1277 1648 1334 et
1669 1268 1830 1351 ecclesias,

625 1362 778 1439 oratoria,
799 1361 921 1435 domos,
943 1380 994 1425 res
1015 1361 1097 1424 alias
1119 1367 1150 1426 et
1171 1362 1242 1424 loca
1262 1367 1367 1424 vestra
1388 1379 1426 1424 ac
1445 1358 1629 1442 spectancia
1650 1357 1691 1422 ad
1710 1357 1832 1437 eadem,

626 1450 741 1531 quibus
762 1449 951 1514 inhabitatis
974 1448 1018 1512 ad
1037 1469 1169 1534 presens
1195 1450 1246 1515 vel
1271 1448 1493 1514 inhabitabitis
1520 1448 1553 1510 iu
1580 1446 1733 1525 brturum,
1760 1465 1832 1510 cum

624 1539 770 1603 omuibus
798 1539 920 1603 iuribus
952 1558 990 1603 ac
1014 1539 1219 1621 pertinenciis
1246 1539 1311 1603 suis
1345 1545 1377 1603 et
1404 1537 1548 1620 personis
1576 1535 1765 1617 degentibus
1796 1537 1830 1599 iu

624 1626 743 1692 eisdem
765 1628 799 1690 in
820 1629 869 1692 ius
890 1633 922 1692 ct
941 1628 1167 1711 proprietatem
1189 1627 1275 1692 beati
1286 1628 1372 1691 Petri
1393 1633 1425 1690 et
1443 1626 1618 1708 apostolice
1638 1624 1724 1690 sedis
1743 1643 1830 1688 assu-

625 1717 755 1796 mimus,
776 1717 895 1798 illaque
917 1736 938 1779 a
959 1718 1170 1798 cuiuscunque
1190 1717 1363 1800 dyocesani
1384 1721 1416 1778 et
1437 1714 1605 1779 cuiuslibet
1625 1713 1754 1778 alterius
1775 1732 1831 1797 po-

624 1812 751 1885 testate,
776 1805 995 1869 iurisdictioue
1016 1815 1049 1868 et
1069 1804 1209 1870 dominio
1240 1803 1418 1869 omnimode
1442 1805 1474 1866 in
1497 1811 1682 1886 perpetuum
1704 1821 1832 1886 prorsus

625 1894 791 1959 eximimus
811 1894 852 1958 de
874 1896 984 1975 gracia
1002 1895 1145 1976 speciali,
1168 1896 1371 1959 decernentes
1392 1910 1524 1965 exnunc,
1547 1911 1604 1954 vos
1628 1896 1660 1954 et
1688 1890 1832 1954 ordinem

626 1989 764 2046 vestrum
785 2003 823 2047 ac
842 2002 1004 2066 personas,
1025 1983 1186 2058 ecclesias,
1205 1983 1352 2062 oratoria,
1373 1979 1484 2045 domos
1505 1986 1537 2044 et
1557 1981 1628 2044 loca
1649 1979 1772 2060 prefata
1791 1999 1831 2042 ac

627 2071 825 2154 pertinencia
851 2071 894 2136 ad
915 2070 1026 2135 eadem
1048 2071 1107 2136 soli
1130 2071 1270 2136 Romano
1295 2069 1436 2153 pontifici
1462 2075 1493 2132 et
1518 2066 1689 2132 dictesedi
1711 2068 1831 2133 tamin

626 2159 846 2241 spiritualibus
868 2181 960 2242 quam
988 2162 1021 2223 in
1050 2161 1277 2243 temporalibus
1304 2160 1423 2240 absque
1445 2158 1509 2221 ullo
1529 2156 1634 2221 medio
1656 2157 1831 2237 subiacere,

625 2249 672 2312 ita
692 2249 776 2330 quod
797 2269 857 2314 nec
876 2250 1014 2313 locorum
1035 2249 1186 2312 ordinarii
1219 2267 1277 2314 nec
1305 2247 1369 2312 alia
1390 2248 1502 2328 quevis
1523 2265 1658 2330 persona
1680 2246 1830 2312 ecclesia-

624 2337 704 2399 stica
726 2336 757 2400 iu
785 2357 842 2401 vos
868 2345 899 2402 ct
923 2337 1079 2411 ordinem,
1105 2357 1270 2420 personas,
1297 2335 1463 2415 ecclesias,
1492 2334 1643 2414 oratoria,
1669 2333 1778 2401 domos
1799 2342 1832 2399 et

625 2424 695 2489 loca
716 2426 870 2507 predicta,
890 2433 998 2510 utpote
1018 2446 1147 2508 prorsus
1168 2432 1325 2508 exempta,
1345 2425 1468 2508 possint
1489 2423 1832 2502 excommunicationis,

625 2514 842 2596 suspensionis
868 2522 922 2579 aut
949 2516 1109 2581 interdicti
1138 2516 1339 2599 promulgare
1365 2514 1560 2591 sentenciae,
1588 2512 1640 2576 vel
1668 2513 1751 2577 alias
1775 2533 1831 2598 po-

624 2609 770 2668 testatem
806 2624 861 2669 seu
896 2605 1145 2669 iurisdictionem
1182 2604 1321 2686 aliquam
1355 2621 1510 2666 exercere.
1572 2601 1693 2678 Quodsi
1723 2603 1830 2668 forsan

626 2693 793 2773 quicquam
814 2695 847 2757 in
869 2695 1058 2757 contrarium
1080 2713 1101 2757 a
1122 2712 1279 2774 quoquam
1300 2691 1394 2756 luerit
1416 2696 1646 2773 attemptatum,
1668 2691 1746 2755 illud
1766 2712 1829 2758 om-

624 2781 700 2845 nino
726 2781 768 2846 sit
792 2783 913 2844 irritum
942 2794 974 2846 et
1002 2783 1105 2846 inane.
1162 2780 1251 2844 Nulli
1284 2799 1359 2861 ergo
1386 2780 1513 2843 omnino
1543 2781 1703 2846 hominum
1734 2781 1832 2846 liceat

626 2871 709 2934 hanc
727 2871 877 2953 paginam
906 2879 1010 2936 nostre
1034 2869 1276 2954 assumptionis,
1303 2869 1513 2951 exemptionis
1541 2875 1573 2933 et
1598 2869 1831 2936 constitutionis

626 2960 798 3042 iufringere
826 2961 875 3026 vel
903 2963 932 3024 ei
958 2981 1038 3025 ausu
1065 2961 1233 3025 temerario
1258 2960 1423 3025 contraire.
1479 2958 1513 3022 Si
1540 2958 1611 3040 orris
1637 2965 1743 3024 autem
1771 2959 1831 3026 hoe

624 3055 812 3132 attemptare
834 3049 1071 3133 presumpserit,
1097 3048 1348 3129 indignationem
1376 3046 1600 3130 omnipotentis
1626 3047 1678 3112 dei
1705 3054 1737 3112 et
1758 3047 1832 3112 bea-

625 3144 726 3201 torum
747 3137 833 3201 Petri
855 3144 886 3200 et
906 3137 1008 3214 Pauli,
1029 3137 1241 3218 apostolorum
1262 3136 1339 3217 eius,
1361 3155 1395 3200 sc
1416 3135 1539 3198 noverit
1555 3136 1758 3203 incursurum.

666 3226 784 3290 Datum
809 3225 974 3299 Laterani,
1008 3224 1072 3288 XII
1103 3223 1259 3289 kalendas
1286 3223 1472 3305 Februarii,
1504 3223 1705 3307 pontificatus
1732 3225 1831 3291 nostri

626 3334 710 3379 anno
731 3321 853 3380 octavo.

605 3403 641 3467 In
668 3404 756 3467 cuius
782 3401 910 3484 quidem
946 3400 1079 3466 visionis
1107 3399 1239 3465 evidens
1270 3401 1482 3467 testimonium
1514 3401 1653 3484 sigillum
1690 3405 1830 3467 nostrum

526 3490 726 3574 presentibus
746 3497 794 3553 est
815 3507 999 3573 appensum.

605 3578 698 3642 Auno
718 3577 839 3641 domini
858 3578 996 3644 M⁰OCO⁰
1016 3580 1161 3662 septimo,
1183 3580 1330 3645 kalendis
1350 3580 1478 3664 Aprilis.

602 3763 706 3818 Urscbr.
731 3763 821 3817 Werrt.
860 3763 922 3818 Das
944 3764 1028 3833 saper
1048 3766 1084 3819 ut
1109 3767 1258 3835 abpmbscn
1286 3765 1345 3819 ruod
1376 3766 1451 3820 ablat
1474 3765 1549 3818 mebr
1571 3764 1731 3818 turbandae.
1776 3763 1832 3818 Die

525 3833 607 3887 Broc
632 3833 704 3902 perir.
732 3834 773 3887 bei
794 3835 900 3902 Empoli
922 3836 1015 3891 bullar.
1039 3839 1095 3891 ord
1115 3854 1195 3892 erem.
1223 3853 1243 3890 a.
1263 3839 1351 3907 Aac,
1381 3837 1443 3890 aber
1471 3836 1521 3890 urit
1548 3840 1620 3904 pout.
1650 3835 1733 3890 nostri
1760 3851 1832 3890 anno

526 3910 621 3973 quarto
637 3905 691 3971 (21.
709 3905 774 3958 Jorr.
793 3907 882 3973 1298).
