4459 5167
502 292 552 344 120
810 288 974 357 Augustiner
992 287 1242 341 Einsiedlerhloster
1259 282 1489 353 Himmelpiorten.

504 438 720 505 venditionem
742 414 827 521 apud
849 456 906 502 uos
926 437 1022 500 frater
1042 432 1205 499 (lutfridus
1226 432 1266 497 de
1280 432 1402 511 Varila,
1422 430 1657 498 commendator
1678 399 1818 514 provin-

385 520 390 529 ’
502 529 602 611 dialis,
623 534 654 593 et
674 527 771 591 frater
787 526 934 591 Albertus
946 523 987 589 de
1002 524 1248 604 Schandesleve,
1269 520 1666 587 commendatoriamdieti
1684 520 1818 585 ordinis

498 622 532 682 iu
553 616 703 699 Laggele‚
726 616 779 699 qui
802 623 834 681 et
856 615 948 680 nobis
969 614 1179 696 promiserunt
1200 613 1233 677 iu
1254 613 1348 677 certis
1366 612 1517 686 terminis,
1539 612 1622 675 sieut
1642 610 1675 674 in
1697 630 1816 675 eorum

497 714 585 792 patet
616 706 743 787 litteris,
769 724 864 788 super
891 703 999 768 valore
1027 708 1237 786 pretaetorum
1266 701 1416 766 bonorum
1445 701 1644 780 satisfacere,
1672 705 1750 783 puta
1774 701 1815 762 in

497 796 585 861 XLV
617 794 734 860 mareis
764 794 836 877 puri
870 793 996 875 argenti
1021 791 1205 856 Helverstat
1236 790 1471 873 persolvendis;
1503 796 1631 873 propter
1661 788 1744 871 quod
1772 789 1814 851 in

500 884 592 950 huius
613 881 806 949 venditionis
826 882 1084 947 ratihabitionem
1105 899 1237 963 presens
1257 881 1407 963 seriptum
1425 878 1542 960 sigillis
1559 884 1665 943 nostro
1682 878 1815 942 scilieet

499 981 531 1039 et
552 979 734 1052 conventus,
756 971 1025 1035 communivimus.
1210 1031 1212 1034 ,
1467 1042 1471 1049 ¹

577 1061 800 1140 Datumanno
820 1058 942 1122 domini
962 1056 1312 1136 M⁰OC⁰LXXXX⁰VI⁰,
1333 1055 1438 1139 pridie
1458 1076 1559 1121 nonas
1580 1057 1788 1139 Septembris.

578 1151 691 1215 Testes
720 1152 824 1212 autem
850 1146 944 1211 huius
965 1145 1010 1210 rei
1032 1151 1116 1209 sunt:
1146 1145 1243 1209 hater
1263 1144 1507 1231 Ghyselbertus,
1528 1144 1667 1211 vicarius
1689 1146 1811 1229 pretbti

498 1238 596 1303 nostri
624 1236 740 1320 prioris
766 1234 982 1319 provintialis,
1006 1238 1038 1296 et
1057 1234 1155 1297 l'rater
1176 1232 1357 1313 (ledradus,
1383 1234 1481 1298 nostri
1508 1233 1628 1298 ordinis
1649 1235 1748 1299 leetor
1770 1237 1810 1300 in

498 1325 711 1408 Magdebure,
732 1342 802 1388 eum
825 1323 899 1387 aliis
918 1320 982 1386 fide
1002 1320 1119 1402 dignis.

503 1515 556 1581 Ἡ
574 1442 679 1568 [ἔνεοὴᾶ.
701 1441 789 1565 l7l⁷er1u
807 1438 858 1493 mit
876 1439 927 1493 lose
943 1436 1125 1506 belieperulem
1142 1436 1225 1507 Siepel
1242 1437 1288 1491 des
1306 1437 1546 1505 Himmelpsdrtraer
1569 1438 1703 1495 Conventa.
1745 1441 1808 1511 Vql.

525 1532 562 1568 a.
604 1552 613 1579 ,
662 1529 685 1565 r.
722 1552 727 1566 .

500 1714 615 1797 1296.
645 1711 895 1813 September
913 1712 974 1791 14.
1739 1711 1807 1793 35.

601 1848 672 1913 Dos
700 1846 828 1909 Klosur
853 1844 1113 1925 Himurelpforteu
1136 1844 1201 1923 plot
1225 1845 1293 1907 elue
1320 1865 1442 1925 putatae
1469 1843 1702 1926 Besehreibaop
1735 1848 1809 1909 und

600 1944 786 2023 Erloldruop
827 1942 902 2031 iiber
935 1942 986 2003 die
1016 1942 1084 2003 dem
1113 1941 1278 2005 durtsrmu
1313 1941 1417 2005 Ordeu
1447 1943 1632 2023 verhdusteu
1665 1943 1806 2021 Hduser,
1832 2021 1839 2029 ⁶

603 2041 687 2122 dee
709 2040 778 2103 trud
806 2037 928 2103 Wresoru
947 2058 989 2103 zu
1010 2034 1247 2117 Dorlioperode.

580 2155 747 2223 Universis
768 2154 883 2219 Christi
905 2152 1051 2218 fidelibus
1072 2173 1130 2217 nos
1148 2153 1307 2219 Iohannes
1330 2154 1371 2221 de
1387 2156 1531 2239 Witberg
1552 2157 1639 2239 prior
1658 2164 1807 2239 totusque

500 2252 674 2315 eonveutus
693 2245 788 2308 Porte
814 2242 895 2318 Celi,
925 2241 1046 2307 ordinis
1073 2244 1296 2308 heremitarum
1323 2246 1426 2310 saneti
1446 2247 1632 2327 Augustini,
1661 2247 1809 2311 volumus

500 2356 570 2404 esse
596 2342 719 2415 notum,
745 2333 830 2414 quod
855 2331 962 2397 dando
984 2331 1145 2414 quandam
1166 2339 1306 2398 nostram
1327 2335 1463 2398 litteram
1484 2336 1634 2400 fratribus
1653 2335 1692 2400 de
1714 2336 1808 2401 domo

501 2424 664 2492 teutuniea
697 2440 791 2505 super
817 2420 1006 2485 venditione
1035 2420 1232 2502 quorundam
1264 2422 1414 2487 honorum
1446 2423 1576 2489 sitorum
1611 2426 1644 2490 in
1671 2425 1809 2490 Derver-

501 2512 666 2598 digerothe
701 2511 841 2592 aliquam
875 2528 981 2574 eorum
1013 2509 1229 2593 neogleximus
1252 2512 1286 2591 (l)
1319 2512 1502 2595 specificare
1532 2515 1601 2579 sive
1634 2533 1807 2582 numerare.

500 2603 631 2686 Propter
661 2598 747 2681 quod
780 2597 831 2661 hio
858 2597 983 2681 publioe
1011 2605 1233 2681 protestamur,
1268 2600 1351 2681 quod
1373 2607 1480 2683 prata,
1507 2622 1636 2684 quorum
1663 2603 1731 2669 illie
1760 2612 1808 2669 est

502 2692 629 2771 menti0,
650 2692 724 2753 sunt
744 2688 891 2768 quinque,
913 2686 1023 2751 domus
1043 2706 1118 2751 vero
1140 2688 1285 2757 similiter
1305 2690 1452 2771 quinque,
1472 2691 1702 2774 itadumtaxat,
1722 2692 1807 2775 quod

503 2788 566 2846 tres
594 2797 702 2844 earum
730 2782 803 2840 suut
829 2775 982 2839 dictorum
1008 2776 1152 2847 fratrum,
1182 2784 1332 2859 quantum
1354 2778 1395 2842 ad
1421 2778 1530 2843 domos
1556 2785 1588 2842 et
1614 2780 1679 2845 alia
1700 2800 1809 2865 super-

503 2868 652 2935 edifieuta
678 2872 709 2928 et
734 2871 885 2945 quantum
907 2864 949 2927 ad
967 2861 1111 2939 tundam,
1139 2864 1196 2928 sod
1222 2864 1283 2929 due
1310 2885 1418 2945 earum
1438 2874 1510 2930 suut
1530 2886 1636 2932 eorum
1657 2876 1808 2950 quantum

503 2958 545 3023 ad
577 2956 709 3021 fundum
742 2962 880 3033 tantum,
914 2953 1025 3016 domus
1054 2972 1129 3018 vero
1161 2960 1193 3018 et
1223 2954 1289 3017 alia
1315 2954 1559 3036 superedificata
1589 2963 1662 3021 sunt
1690 2957 1808 3024 lemine

504 3045 682 3119 cuiusdam,
712 3062 773 3124 que
808 3042 986 3105 nominatur
1007 3041 1092 3122 Ode,
1118 3048 1151 3107 et
1174 3042 1239 3108 filie
1260 3044 1329 3108 eius
1354 3044 1389 3108 in
1409 3043 1520 3109 eadem
1542 3045 1631 3120 villa;
1663 3066 1724 3128 que
1745 3048 1808 3112 due

503 3136 621 3202 semine
643 3133 795 3198 fertonem
817 3132 941 3211 argenti
963 3132 1003 3195 de
1023 3130 1086 3195 hiis
1104 3131 1252 3195 domibus
1271 3130 1389 3197 dehent
1410 3132 1598 3216 persolvere.
1639 3134 1714 3200 Una
1733 3155 1808 3201 vero

504 3224 667 3289 domorum
696 3220 789 3284 trium
819 3219 1030 3302 predictarum
1059 3239 1154 3284 unum
1186 3221 1352 3301 fertonem,
1387 3222 1521 3286 aliarum
1546 3242 1621 3288 vero
1646 3223 1809 3289 domorum

504 3313 637 3379 duarum
659 3308 799 3392 quelibet
817 3308 977 3374 Vlotones
997 3310 1171 3392 persolvet3
1198 3318 1245 3375 est
1266 3317 1370 3374 autem
1393 3311 1501 3375 usuale
1524 3318 1699 3394 argentum,
1720 3315 1810 3379 ouius

504 3407 553 3468 est
575 3400 627 3463 hie
649 3396 776 3462 mentio.
817 3398 884 3463 Heo
903 3399 999 3480 igitur
1020 3405 1052 3463 et
1072 3400 1138 3463 alia
1159 3399 1279 3482 scripta
1300 3402 1333 3463 in
1355 3407 1462 3465 nostra
1482 3400 1548 3464 alia
1568 3401 1674 3466 littera
1700 3423 1809 3487 supra-

504 3490 600 3556 dictis
621 3487 771 3552 fratribus
791 3494 938 3571 exempta
959 3487 1001 3552 ab
1022 3488 1107 3552 omni
1122 3488 1292 3554 advocatia
1307 3488 1490 3554 vendidisse
1502 3489 1696 3571 possidenda
1709 3492 1809 3559 libere

504 3583 724 3665 protestamur,
746 3577 778 3640 in
800 3576 892 3641 huius
912 3576 956 3641 rei
973 3578 1186 3641 testimonium
1207 3576 1315 3658 sigilla
1331 3585 1439 3641 nostra
1456 3578 1656 3662 apponendo.
1698 3580 1811 3646 Testes

505 3672 593 3733 sunt:
625 3664 771 3728 dominus
802 3664 902 3729 abbas
929 3664 969 3729 de
989 3664 1200 3747 ulsineburg,
1234 3666 1391 3731 lohannes
1422 3667 1514 3732 miles
1547 3668 1587 3733 de
1613 3668 1809 3752 Digelstede,

505 3754 692 3909 ligaltgrerus
719 3760 751 3817 et
772 3753 948 3838 Heynrieus
971 3753 1048 3818 dieti
1071 3753 1189 3834 Colith,
1217 3754 1304 3818 oives
1324 3754 1358 3818 in
1375 3754 1618 3839 Wernigerode,
1644 3778 1714 3822 eum
1736 3760 1810 3826 aliis

505 3846 568 3909 he
613 3842 706 3925 ignis.

582 3932 706 4035 ‘Datum
740 3951 823 3997 anno
856 3932 976 3997 domini
1005 3930 1260 4012 M⁰OO⁰XC⁰Vl⁰,
1291 3934 1431 4001 infesto
1463 3937 1668 4003 exaltationis
1699 3945 1809 4004 sancte

506 4040 618 4089 eruere.

582 4137 686 4193 Uracbr.
711 4138 799 4191 Werrr.
841 4136 899 4191 Vou
922 4134 981 4189 doru
1003 4136 1108 4189 leleineu
1125 4138 1329 4205 purubrlrbclreu
1350 4139 1434 4210 Stbpel
1455 4140 1501 4196 dea
1519 4140 1612 4197 usura
1635 4144 1671 4197 iat
1693 4161 1749 4198 aar
1766 4145 1810 4200 ἀεὶ

504 4212 626 4347 magt
641 4214 734 4349 duffio
746 4207 853 4347 gddnd
873 4204 1085 4330 fflrrogtphupodu
1108 4205 1196 4261 rande
1219 4208 1423 4280 Cosmumubpol
1446 4211 1482 4265 iat
1503 4228 1560 4265 uror
1581 4229 1627 4266 am
1645 4213 1743 4269 Βαναία
1770 4216 1810 4270 be·

628 4321 634 4333 ‚
725 4322 731 4333 ‚
846 4316 854 4343 ,
920 4316 926 4329 .
983 4316 989 4327 .
1036 4316 1042 4328 .

1033 4420 1282 4434 Ν
