4459 5167
515 335 548 386 16
899 333 1293 389 Deutschordens-Commende
1310 334 1438 403 Langeln.

513 481 615 560 Berle,
637 482 803 562 Henricus,
823 481 1025 547 liverbardus
1045 484 1160 547 iratres
1181 482 1221 546 de
1241 483 1420 563 Iericbsem,
1443 454 1619 548 Heinricus
1631 483 1672 547 de
1692 482 1819 547 Konen-

513 569 598 645 rode,
620 569 810 644 Fridericus
836 571 989 635 ilenrieus
1004 572 1220 653 deSchowen,
1238 570 1405 649 Iohannes,
1426 572 1627 637 Tlethmarus
1646 572 1760 636 tratres
1778 572 1819 635 de

512 658 679 741 Shilliuge,
701 660 817 725 Daniel
838 660 878 725 de
899 660 1054 725 Otheleve
1076 661 1201 741 milites,
1223 668 1255 726 et
1276 661 1331 723 alii
1353 663 1563 745 quamplures.

592 750 675 811 Acta
695 757 769 813 sunt
790 749 848 812 hee
869 769 952 813 auno
974 751 1082 831 gracie
1098 750 1339 830 M⁰CC⁰LVlll⁰,
1360 752 1392 814 in
1418 752 1548 815 civitate
1565 751 1819 833 Werniugeroth,

512 836 620 899 VIIII⁰
640 837 797 902 kalendas
818 838 935 917 Iuluiil.

587 955 722 1021 Urcchrr'tt
738 956 780 1008 W.
799 952 850 1008 mit
868 954 952 1023 Stepcl
969 957 1002 1022 (a.
1024 955 1083 1021 Ias.
1110 954 1158 1008 VI.
1179 955 1231 1009 Nr.
1252 959 1295 1021 43)
1314 972 1352 1008 aa
1368 955 1619 1024 prrlarotbaeidencr
1637 956 1752 1011 Sebrurr.

513 1229 625 1311 1258.
653 1226 825 1309 111124.
880 1225 1198 1324 Weruigerode.
1754 1230 1816 1309 18.

614 1363 775 1437 Gebhard,
800 1361 886 1442 (irat
906 1381 947 1425 aa
975 1361 1206 1441 Wemc'perodc,
1228 1360 1338 1442 willipt
1360 1363 1393 1425 ia
1414 1362 1474 1424 dea
1495 1382 1554 1425 coa
1575 1364 1689 1426 seiacm
1717 1362 1817 1427 Vetter

613 1460 779 1525 Friedrich
808 1459 1013 1540 pascheheaea
1040 1459 1188 1538 Verlraaf
1209 1479 1268 1522 coa
1300 1460 1366 1521 bier
1391 1459 1503 1538 Hufea
1526 1460 1596 1523 aad
1623 1461 1708 1523 eiaer
1736 1461 1817 1540 Hof-

612 1558 696 1622 stellc
714 1577 756 1622 aa
777 1557 922 1637 Laapela
942 1577 986 1619 aa
1007 1557 1058 1620 dic
1077 1555 1450 1621 Deatschordeashra'tder.

592 1672 801 1739 Gevehardus
835 1672 887 1736 dei
919 1672 1030 1754 gracia
1061 1691 1166 1736 comes
1199 1671 1240 1737 de
1272 1671 1522 1753 werningerode
1558 1672 1703 1737 omnibus
1722 1674 1817 1738 'hane

510 1765 649 1829 litteram
668 1762 859 1846 inspecturis
880 1760 1023 1825 salutem.
1051 1760 1131 1825 Cum
1151 1760 1311 1825 homiuum
1332 1761 1483 1826 memoria
1503 1761 1610 1825 labilis
1632 1762 1673 1825 sit
1685 1762 1815 1826 multum

510 1861 542 1917 et
563 1854 699 1924 incerta,
728 1851 942 1915 neceesarium
965 1856 1028 1921 est,
1055 1868 1093 1913 ea
1113 1868 1175 1930 que
1195 1856 1346 1931 geruntur
1367 1850 1521 1932 scripture
1543 1850 1722 1915 testimonio
1744 1871 1816 1915 oon-

510 1942 644 2016 firmari‚
677 1960 717 2003 ne
745 1956 894 2021 processu
929 1937 1078 2021 temporis
1107 1943 1309 2003 evanescant.
1361 1937 1626 2019 Racognoseimus
1655 1939 1752 2021 igitur
1785 1946 1817 2003 et

509 2038 617 2095 tenore
637 2026 831 2113 presentium
852 2032 1076 2108 protestamur,
1098 2024 1183 2108 quod
1203 2026 1362 2091 fratruelis
1382 2034 1487 2091 noster
1510 2026 1690 2092 Friderieus
1711 2046 1816 2093 comes

510 2118 552 2183 de
572 2114 822 2199 Weruiggerode
842 2115 905 2179 llll
931 2134 1058 2179 mansos
1084 2122 1116 2178 et
1139 2134 1245 2179 aream
1267 2117 1299 2180 in
1322 2135 1405 2199 pago
1427 2121 1458 2179 et
1477 2115 1554 2179 villa
1576 2118 1716 2199 Laugele
1738 2120 1816 2181 sitos

510 2208 660 2272 tratribus
686 2206 797 2270 domus
824 2204 1003 2269 teuthonica
1030 2204 1070 2267 de
1097 2224 1251 2269 consensu
1281 2211 1388 2268 nostro
1415 2204 1561 2269 vendidit
1585 2207 1653 2269 iure
1675 2207 1815 2290 proprie-

511 2296 587 2360 tatis
606 2303 758 2379 perpetuo
780 2292 998 2376 possidendos.
1031 2292 1076 2357 Ut
1087 2292 1147 2357 hoc
1163 2295 1281 2357 iactum
1305 2294 1336 2356 iu
1351 2293 1488 2357 futurum
1506 2295 1620 2359 stabile
1634 2303 1816 2378 perseveret

510 2394 542 2449 et
570 2406 591 2449 a
618 2382 853 2449 successorihus
880 2382 995 2447 nostris
1019 2383 1053 2444 in
1084 2390 1242 2465 posterum
1268 2389 1405 2464 nequeat
1431 2382 1594 2463 inmutari,
1623 2392 1655 2446 et
1681 2389 1715 2445 ut
1737 2382 1815 2447 dieti

509 2476 624 2538 iratres
651 2471 819 2536 securitate
844 2470 1008 2551 gaudeant
1032 2469 1247 2551 habundanti,
1279 2473 1398 2555 scripta
1430 2470 1588 2555 presentia
1616 2490 1686 2535 eum
1718 2473 1815 2536 nostri

510 2563 610 2645 sigilli
631 2561 828 2646 appensione
858 2559 890 2622 in
914 2560 1127 2624 testimonium
1149 2579 1332 2642 erogamus,
1359 2561 1492 2625 testibus
1517 2559 1572 2641 qui
1592 2558 1652 2623 boc
1670 2558 1817 2624 viderunt

511 2660 542 2715 et
562 2649 732 2715 audieruut
754 2648 979 2712 nichilominus
999 2649 1174 2726 annotatis,
1203 2668 1333 2731 quorum
1355 2649 1485 2713 uomina
1511 2654 1584 2711 suut
1609 2646 1683 2711 hec:
1710 2667 1815 2713 comes

510 2737 688 2818 Conradus,
709 2736 793 2801 filius
813 2744 931 2818 noster3
958 2736 1096 2801 Sitridus
1118 2737 1158 2801 de
1179 2737 1347 2812 Miusleve,
1375 2738 1534 2801 Iohannes
1554 2736 1594 2801 de
1615 2734 1816 2813 Hortesrode,

448 2830 453 2842 '
510 2828 667 2893 Arnoldus
688 2825 840 2905 deBerle,
861 2826 1022 2900 Heurions,
1044 2825 1247 2891 liverhardus
1265 2828 1378 2891 fratres
1397 2827 1437 2891 de
1459 2823 1638 2905 ierichsem,
1660 2825 1816 2889 Hearicas

510 2918 552 2981 de
572 2914 776 2995 Koneurode,
797 2913 979 2980 Fridericus
1001 2915 1040 2979 de
1062 2915 1227 2991 Sohowen,
1250 2915 1405 2980 chricus
1426 2914 1522 2978 frater
1543 2933 1627 2990 suus,
1647 2914 1815 2993 Iohannes,

510 3006 712 3070 Tiethmarus
742 3004 856 3067 tratres
881 3003 923 3067 de
951 3002 1122 3085 Shilliuge,
1156 3003 1271 3068 Daniel
1299 3003 1339 3068 dc
1360 3002 1514 3068 Otenlere
1542 3003 1673 3082 milites,
1702 3004 1814 3067 etalii

510 3094 722 3177 quamplures.

590 3186 672 3247 Aeta
691 3188 765 3246 sunt
792 3181 851 3247 hec
870 3200 954 3246 anno
983 3183 1092 3264 gracie
1115 3182 1283 3255 millesimo
1309 3180 1524 3247 ducentesimo
1551 3180 1814 3261 quiuquagesimo

509 3273 609 3352 Vlll⁰,
630 3273 663 3335 ia
688 3271 818 3336 civitate
839 3270 1103 3353 Werninggerod,
1125 3270 1231 3335 VHH⁰
1252 3269 1407 3333 kalendas
1429 3268 1521 3332 lunii.

585 3387 719 3454 Urschrist
736 3388 778 3440 W.
797 3387 846 3441 mit
864 3386 947 3456 &oper
963 3388 995 3453 (a
1017 3387 1076 3453 Tus.
1102 3386 1149 3441 VI.
1167 3384 1219 3441 Nr.
1238 3388 1284 3455 44)
1302 3404 1342 3439 aa
1356 3384 1530 3453 prihccotlrcr
1548 3383 1751 3438 Secheuacbma.

509 3649 622 3731 1218.
649 3647 887 3729 December
903 3646 968 3728 24.
1020 3646 1324 3744 Laugeustein.
1750 3647 1813 3728 19.

617 3783 746 3860 Volrud,
769 3782 901 3862 Bacchas
921 3801 979 3844 voa
1002 3780 1213 3859 Halberstudt,
1238 3780 1390 3844 balaradet
1409 3780 1460 3842 die
1479 3800 1533 3843 cor
1554 3780 1617 3843 ihm
1634 3780 1816 3861 pescheheae

607 3880 764 3961 feierlicbc
794 3878 1069 3958 Veraichtlcistaap
1106 3876 1199 3957 Graf
1218 3875 1387 3939 Heinrichs
1418 3896 1460 3940 aa
1493 3876 1721 3958 Bhaaheahurp
1753 3880 1814 3958 auf

602 3978 676 4059 jede
696 3979 819 4060 feram
839 3976 1031 4057 Befchdaap
1051 3975 1107 4037 der
1127 3972 1501 4037 Deatschordeashra'ider.

589 4093 760 4173 Volradus,
789 4092 841 4157 dei
863 4092 974 4172 gracia
995 4087 1274 4153 Halberstadensis
1295 4088 1426 4153 ecclesie
1448 4090 1628 4173 episcopus,
1658 4091 1815 4155 universis

509 4182 624 4247 Christi
645 4180 792 4246 fidelihus
813 4186 992 4265 presentem
1008 4177 1145 4241 litteram
1161 4177 1315 4239 audituris
1330 4176 1463 4241 salutem
1478 4178 1510 4241 iu
1527 4178 1663 4242 domiuo.
1695 4179 1813 4243 Netum

508 4270 641 4335 facimus
662 4270 817 4334 universis
837 4276 904 4333 tam
926 4264 1124 4349 presentibus
1150 4284 1242 4344 quam
1264 4264 1393 4347 futuris,
1418 4265 1502 4347 quod
1528 4285 1597 4329 eum
1618 4265 1693 4330 olim
1713 4267 1812 4332 nobili

508 4358 723 4423 m'roHenrico
744 4358 850 4423 comiti
871 4354 957 4419 dicto
978 4352 1255 4433 desstankenburg
1276 4373 1353 4434 erga
1370 4355 1483 4417 fratres
1496 4354 1606 4418 dourus
1623 4354 1813 4437 theutonice,

507 4448 626 4511 milites
647 4447 742 4512 Ilresu
763 4445 895 4521 Christi,
917 4443 1048 4505 suborta
1068 4441 1180 4504 thisset
1201 4441 1348 4505 matteria
1368 4443 1558 4522 questionis,
1579 4449 1610 4507 et
1632 4443 1688 4507 illa
1708 4463 1813 4508 coram
