4459 5167
864 349 912 404 Nr.
931 352 973 403 66.
993 351 1035 404 67.
1055 368 1078 406 a.
1100 350 1176 404 1432.
1642 348 1676 401 49

376 502 484 583 1432.
510 504 619 584 tnui
635 504 674 584 3.
1614 498 1663 580 67

469 633 605 709 Johnson,
626 634 757 715 Bischof
778 652 837 696 oon
857 630 1069 707 Halaesam,
1093 630 1278 711 incorporali
1297 630 1354 693 mit
1370 629 1589 707 Zrustimmrmp
1609 628 1679 691 aad

470 730 729 811 Enfscbddipunp
761 732 817 794 der
846 729 935 793 data
961 727 1150 807 bethciliptcn
1175 728 1230 791 der
1257 726 1609 791 Dentschorvtcnshirehe
1635 745 1676 789 au

469 827 612 908 langela
634 829 799 891 dicacitate
821 826 941 891 Kircbe
959 846 1001 890 aa
1022 824 1177 905 Ergetedt

449 943 605 1008 lohannes
626 942 678 1008 dei
700 952 732 1007 et
752 943 927 1027 apostolice
952 943 1039 1007 sedis
1060 942 1171 1023 gracia
1197 940 1364 1025 episcopus
1391 941 1525 1005 ecclesie
1547 940 1678 1005 Halber-

374 1030 528 1097 stadensis
547 1031 589 1096 ad
610 1040 795 1116 perpetuam
817 1032 862 1101 rei
884 1031 1076 1095 memoriam.
1118 1030 1244 1107 Quanto
1262 1028 1462 1094 venerabiles
1483 1036 1515 1093 et
1536 1026 1677 1111 religiosi

375 1120 428 1183 viri
447 1120 583 1203 Wedigo
604 1120 645 1186 de
666 1120 812 1203 Pycbow,
834 1119 1040 1203 provincialis
1057 1119 1300 1199 balieSarronie,
1324 1126 1356 1183 et
1378 1120 1489 1183 fratres
1511 1118 1678 1201 hospitalis

374 1218 474 1273 sande
501 1210 602 1274 blarie
633 1210 878 1273 'santonicorum
912 1208 1179 1273 iherosolimitani
1217 1228 1274 1293 pro
1307 1207 1490 1272 defensione
1524 1207 1680 1273 catholice

374 1296 440 1361 fidei
465 1301 641 1363 ferventius
667 1305 788 1382 ponunt
817 1318 852 1361 se
881 1303 912 1362 et
937 1318 1012 1377 sua,
1038 1305 1125 1363 tanto
1155 1299 1185 1363 in
1212 1297 1278 1361 suis
1305 1297 1425 1361 iuribus
1454 1296 1681 1360 conservandis

374 1388 446 1449 tueri
475 1396 635 1451 merentur
663 1387 857 1452 defensionis
886 1388 1026 1471 presidio
1058 1387 1214 1471 ampliori.
1270 1388 1354 1451 Sane
1382 1385 1500 1469 peticio
1526 1385 1679 1450 dictorum

375 1476 576 1556 provincialis
601 1481 633 1539 et
658 1476 788 1540 fratrum
820 1475 912 1539 nobis
938 1496 1039 1561 nuper
1067 1476 1210 1541 exhibita
1236 1474 1432 1554 continebat,
1458 1473 1541 1557 qnod
1568 1474 1680 1537 lintres

373 1564 431 1645 ipsi
457 1574 490 1629 et
518 1563 631 1629 domus
656 1564 777 1630 ordinis
808 1565 949 1630 eiusdem
984 1566 1148 1647 provincie
1185 1566 1283 1629 tantis
1317 1563 1492 1629 debitomm
1521 1564 1679 1643 oneribus,

373 1653 614 1728 turbationibus,
636 1654 759 1737 rapinis
779 1661 811 1718 et
828 1654 986 1719 incendiis
1006 1654 1207 1738 predatorum
1220 1662 1254 1717 ut
1275 1653 1442 1737 plurimum
1466 1652 1678 1735 ingruentium

372 1750 559 1824 pregravate
585 1750 768 1823 noscuntur,
798 1744 879 1824 quod
909 1744 1076 1808 facultates
1101 1743 1232 1807 fratrum
1259 1753 1289 1807 et
1315 1743 1476 1807 domomm
1507 1741 1679 1805 earundem

373 1850 567 1914 nequaqnam
594 1830 751 1897 sufficiunt
778 1830 821 1897 ad
850 1852 947 1896 onera
975 1832 1152 1897 huiusmodi
1178 1832 1355 1897 debitorum
1384 1838 1415 1895 et
1446 1830 1678 1913 reparationem

372 1918 574 1983 ecclesiarum
595 1927 628 1983 et
647 1919 840 1984 edificiomm
861 1920 947 1985 dicte
973 1921 1059 1985 balie
1086 1920 1172 2001 ignis
1200 1920 1348 1985 incendio
1369 1920 1552 2002 plerumque
1573 1926 1678 1983 vasta

372 2016 467 2071 tarum
488 2008 723 2092 supportanda,
745 2010 913 2091 iungentes
935 2010 1093 2073 instancia
1114 2010 1230 2075 devota
1253 2017 1285 2074 et
1307 2009 1431 2087 humili,
1457 2014 1490 2071 nt
1511 2008 1677 2071 eeclesiam

373 2097 400 2158 in
421 2097 604 2177 Erretedio,
631 2097 710 2161 villa
730 2098 887 2176 desolata,
919 2118 981 2179 qne
1001 2100 1043 2163 de
1069 2099 1136 2163 inre
1160 2106 1344 2183 patronatus
1366 2097 1444 2162 dicti
1474 2096 1679 2179 provincialis

372 2196 424 2262 est,
443 2207 515 2251 cnm
537 2188 635 2268 agris,
657 2188 767 2270 pratis,
788 2188 968 2273 pascuiset
987 2189 1171 2253 attinenciis
1193 2190 1259 2253 suis
1280 2185 1469 2272 parrochiali
1492 2185 1625 2249 ecclesie
1647 2186 1679 2249 iu

372 2273 513 2357 langela
543 2274 585 2338 ad
615 2276 756 2341 ordinem
791 2277 893 2359 ipsum
926 2277 1162 2343 racionabiliter
1193 2277 1362 2361 pertinenti
1391 2282 1588 2339 concremate
1622 2293 1679 2359 pro

372 2364 573 2446 reparacione
598 2364 740 2429 eiusdem
768 2365 909 2429 celeriori
936 2375 1121 2445 annectere,
1150 2367 1365 2451 incorporare,
1395 2364 1484 2428 unire
1511 2370 1542 2427 et
1567 2382 1679 2447 appro

372 2454 472 2533 priare
500 2452 714 2534 dignaremur.
761 2453 828 2517 Nos
857 2452 956 2535 igitur
983 2455 1133 2537 peticioni
1166 2465 1325 2537 tamquam
1356 2452 1543 2517 racionabili
1569 2452 1680 2516 merito

373 2541 571 2606 annuendum
592 2551 623 2604 et
646 2541 893 2605 incommoditati
917 2550 949 2607 et
968 2544 1088 2608 iaeture
1103 2545 1217 2609 vestris
1229 2564 1284 2627 pro
1296 2542 1410 2607 affeetu
1431 2540 1680 2624 conpaeiendum

373 2628 465 2711 digne
487 2630 668 2693 inducimur
688 2630 729 2694 ad
752 2630 988 2695 concedendum
1011 2631 1082 2711 illa,
1110 2651 1248 2715 perque
1270 2630 1467 2696 universitati
1486 2636 1591 2693 vestre
1611 2650 1682 2713 pro-

373 2718 506 2800 speritas
524 2726 688 2799 angeatur,
714 2720 902 2782 anctoritate
924 2728 1031 2783 nostra
1051 2719 1215 2784 ordinaria
1236 2728 1267 2783 et
1290 2721 1364 2785 dum
1386 2728 1566 2783 cunctorum
1588 2719 1682 2783 bene·

372 2804 509 2871 fciemm
539 2807 686 2889 dyocesis
718 2815 823 2871 nostre
857 2806 1020 2872 ordinator
1052 2809 1234 2887 existimus,
1269 2808 1436 2873 ecelesiam
1466 2807 1498 2871 in
1526 2805 1681 2871 Ernstede

372 2893 545 2960 desolatam
573 2894 764 2979 parrochiali
791 2903 895 2959 vestre
922 2897 1056 2961 ecclesie
1083 2898 1116 2960 ln
1139 2897 1281 2977 langela
1307 2916 1346 2960 ex
1373 2894 1534 2979 premissis
1554 2905 1586 2959 et
1607 2895 1681 2959 aliis

372 2985 471 3048 musis
492 3004 552 3047 nos
566 2983 804 3047 racionabiliter
814 2984 1012 3049 moventibus
1023 3004 1093 3047 cum
1110 2985 1256 3049 omnibus
1271 2983 1453 3049 attinenciis
1475 2988 1507 3045 et
1524 2984 1680 3065 pertinen-

373 3072 426 3136 ciis
448 3074 519 3137 suis
539 3072 580 3136 de
601 3092 754 3137 consensu
776 3073 969 3137 venerabilis
991 3074 1053 3137 viri
1074 3074 1192 3138 domini
1216 3072 1372 3139 Glrerardi
1391 3070 1554 3153 Koueken,
1576 3072 1682 3137 decre-

372 3168 468 3236 torum
491 3160 643 3240 doctoris,
670 3168 775 3225 nostre
797 3162 930 3225 ecclesie
952 3162 1094 3244 predicte
1113 3164 1284 3242 cellerarii,
1313 3161 1355 3225 ad
1376 3179 1468 3242 quem
1490 3160 1590 3244 ipsius
1613 3180 1681 3245 per-

373 3250 447 3313 tinet
468 3250 641 3327 instituam,
661 3251 858 3330 annesimns,
880 3251 1049 3323 univimus,
1072 3248 1682 3335 incorporavimusetappropriavimus,

373 3340 583 3419 annectimus,
604 3338 744 3419 unimus,
774 3340 1012 3422 incorporamus
1039 3348 1071 3403 et
1106 3343 1349 3426 appropriantes
1379 3336 1431 3401 dei
1466 3338 1592 3402 nomine
1625 3360 1683 3423 per

373 3433 543 3506 presentes,
564 3428 611 3489 ita
633 3433 750 3507 tamen,
772 3426 858 3508 quod
881 3429 1065 3510 procuracio
1086 3438 1194 3493 nostra
1214 3431 1307 3493 solita
1328 3426 1421 3491 nobis
1442 3432 1474 3490 et
1495 3430 1681 3493 successori-

374 3514 428 3579 bus
447 3515 566 3580 nostris
598 3516 688 3578 salva
716 3515 908 3595 remanebit,
935 3522 967 3579 et
998 3516 1082 3598 quod
1109 3518 1212 3581 eidem
1241 3518 1367 3581 domino
1396 3516 1560 3580 cellerario
1586 3517 1680 3582 solidi

373 3600 570 3667 denariorum
581 3603 897 3667 Halberstadensium
919 3612 1053 3685 quatuor
1073 3606 1141 3671 locu
1159 3606 1368 3689 synodalium,
1392 3625 1449 3668 nec
1469 3624 1530 3667 non
1553 3604 1680 3669 domino

374 3691 516 3754 sommo
529 3691 708 3770 Frederici,
729 3691 849 3756 dictam
869 3693 1036 3757 ecclesiam
1058 3694 1099 3755 ad
1123 3695 1291 3759 utilitatem
1313 3694 1433 3759 ordinis
1454 3695 1546 3759 huius
1567 3696 1680 3759 iutuitu

373 3778 639 3862 incorporacionis
664 3780 838 3863 resignanti
871 3788 902 3845 et
928 3780 1117 3862 dimittenti,
1150 3784 1259 3847 floreni
1289 3784 1450 3847 Renenses
1483 3782 1591 3847 decem
1625 3804 1681 3866 pro

374 3869 603 3933 sustentacione
624 3869 673 3933 sui
694 3890 751 3952 per
771 3870 1047 3933 conmendatorem
1065 3870 1177 3936 demus
1200 3874 1231 3935 in
1249 3870 1393 3953 Langela
1413 3879 1445 3935 et
1464 3872 1577 3937 fratres
1599 3872 1679 3936 ordi·
1722 3900 1726 3908 ·

373 3956 419 4018 nis
439 3957 585 4020 iamdicti
605 3957 741 4039 singolis
762 3957 854 4021 annis
875 3958 907 4022 in
926 3959 1006 4023 festo
1028 3958 1112 4023 beati
1125 3960 1254 4025 Martini
1275 3961 1463 4025 confessoris
1484 3969 1516 4024 et
1537 3961 1679 4045 episcopi

373 4045 421 4108 vel
440 4047 521 4109 citra
542 4047 760 4128 persolventur
787 4045 933 4129 quodque
955 4054 1056 4111 rector
1077 4068 1134 4132 pro
1157 4057 1296 4133 tempore
1320 4050 1461 4114 eiusdem
1491 4050 1624 4115 ecclesie
1646 4052 1679 4114 in

375 4129 515 4215 langela
535 4140 590 4197 aut
610 4132 723 4199 fratres
745 4136 806 4217 ipsi
828 4134 870 4198 ad
895 4135 1005 4217 aliqua
1025 4137 1091 4200 alia
1119 4158 1214 4203 onera
1240 4139 1291 4203 vel
1317 4140 1387 4203 iura
1408 4141 1605 4222 episcopalia
1625 4146 1682 4205 aut

374 4221 586 4286 archidiaconi
616 4242 670 4287 seu
697 4224 851 4288 cellerarii
880 4224 1015 4307 predicti
1043 4226 1169 4289 racione
1197 4228 1296 4310 ipsius
1327 4229 1523 4311 incorporate
1545 4230 1681 4295 ecclesie
1785 4210 1791 4235 ⁸

375 4310 551 4375 nullatenus
578 4313 801 4393 astringantur.
852 4312 892 4375 Et
925 4321 959 4376 ut
988 4315 1144 4396 premissa
1170 4318 1277 4381 omnia
1307 4322 1338 4379 et
1366 4317 1494 4399 singula
1520 4318 1681 4400 perpetuis

374 4396 484 4464 futuris
504 4401 697 4483 temporibus
717 4402 808 4467 illesa
831 4411 1053 4483 permaneant,
1078 4405 1218 4485 sigillum
1241 4412 1377 4469 nostrum
1408 4405 1609 4488 presentibus
1635 4412 1683 4470 est

375 4504 555 4570 appensum.

429 4602 798 4652 enemim.n.vr.s·euoenxv.
1513 4576 1531 4626 4
