4459 5167
506 323 557 376 106
814 323 980 392 Arrgrrstiner
998 325 1252 382 Einsiedlcrklostcr
1269 327 1498 396 Himmelpfortcn.

504 473 616 536 eadem
635 471 713 536 villa
734 493 804 538 cum
831 475 1025 559 proprietate
1051 482 1082 539 et
1103 477 1187 540 omui
1208 478 1275 540 iure
1295 478 1491 558 integraliter
1515 475 1724 542 vendiderunt
1751 495 1810 559 pro

504 562 735 644 quinquaginta
755 569 825 629 octo
846 565 970 629 marcis.
1014 566 1080 630 Hec
1106 567 1190 630 bona
1210 565 1362 649 predictis
1381 567 1532 631 tratribus
1557 567 1588 630 in
1612 573 1719 631 nostra
1740 585 1811 650 pre-

504 652 607 717 sentia
627 652 839 734 resignarunt,
866 661 1092 736 protestantes,
1120 675 1154 718 se
1182 675 1336 719 summam
1358 656 1532 738 predictam
1554 656 1697 738 plenarie
1725 675 1811 721 recc-

452 784 456 791 ·
503 743 604 826 pisse,
624 762 746 805 necnon
769 743 937 825 perfidem
959 745 1191 827 promittentes,
1214 745 1298 826 quod
1319 765 1376 810 nec
1392 763 1449 828 per
1467 763 1501 809 se
1523 763 1581 810 nec
1598 764 1656 827 per
1676 744 1809 809 heredes

502 851 576 897 suos
596 832 738 914 predicte
758 834 933 899 venditioni
955 835 995 899 de
1016 842 1120 899 cetero
1143 835 1374 912 reclamabunt3
1396 836 1437 898 (16
1458 833 1655 898 habundanti
1678 834 1809 899 evictio·

502 923 553 986 nis
579 920 764 988 defensione
789 944 823 987 se
857 924 1078 988 nichilominus
1113 924 1307 1006 obligantes,
1338 924 1547 1007 promiserunt
1582 923 1693 1004 ctiam,
1720 922 1805 1005 quod

502 1011 584 1075 filios
612 1030 686 1075 suos
712 1013 859 1094 parvulos
888 1018 963 1077 ante
991 1020 1134 1094 tempora
1160 1011 1354 1076 venditionis
1380 1019 1487 1092 natos,
1519 1031 1589 1076 oum
1622 1013 1664 1077 ad
1692 1019 1809 1078 etatem

502 1100 644 1164 debitam
665 1100 874 1183 pervenerint,
895 1099 1056 1178 inducent,
1077 1107 1110 1164 ut
1133 1099 1243 1165 eadem
1265 1100 1348 1164 bona
1370 1101 1523 1184 predictis
1540 1102 1690 1167 fratribus
1712 1102 1808 1183 resig-

502 1196 577 1254 nent
597 1190 630 1252 in
651 1189 777 1272 publico
798 1189 879 1253 sieut
906 1190 978 1273 ipsi.
1025 1189 1093 1254 llec
1117 1190 1225 1254 omnia
1252 1209 1323 1254 eum
1350 1189 1500 1273 predictis
1526 1191 1632 1273 plures
1656 1190 1712 1255 alii
1738 1211 1808 1274 pro-

501 1280 663 1357 miserunt,
684 1298 814 1360 qnorum
834 1277 1054 1342 nominasent
1075 1278 1144 1342 hec:
1174 1278 1341 1343 Heinricus
1362 1279 1452 1344 miles
1474 1278 1515 1343 de
1534 1279 1665 1358 Vellem,
1688 1278 1807 1345 Godes-

501 1370 608 1435 calcus
628 1368 668 1433 de
690 1367 858 1446 Minsleve,
879 1367 1057 1443 Ludlclt'us)
1079 1367 1119 1430 de
1140 1366 1320 1446 Redebere,
1342 1369 1525 1433 Herbcrdus
1547 1369 1587 1434 de
1608 1369 1808 1454 Emerslev03

501 1476 632 1540 quorum
660 1456 848 1540 promissum
882 1475 923 1519 ex
955 1463 1045 1538 parte
1075 1456 1288 1538 predictorum
1322 1455 1453 1520 fratrum
1488 1463 1675 1541 receperunt
1712 1459 1808 1524 frater

500 1542 686 1628 Io(hannes)
717 1545 757 1608 de
782 1545 979 1626 Rcmninghc
1012 1545 1098 1628 prior
1129 1544 1265 1624 ordinis,
1301 1547 1398 1610 frater
1424 1547 1589 1614 Bertoldus
1615 1547 1656 1613 de
1684 1549 1807 1621 Brema,

500 1637 687 1712 Iolhaunes)
717 1638 819 1698 rector
849 1634 1002 1698 scolarum
1036 1635 1068 1697 in
1091 1633 1354 1713 Wernincherod,
1381 1635 1571 1702 Willekinus
1602 1637 1643 1702 de
1677 1639 1808 1720 Hogem,

501 1726 637 1791 Sifridus
658 1724 699 1788 de
719 1723 882 1804 Minsleve,
904 1723 1061 1787 Arnoldus
1081 1724 1121 1787 de
1140 1723 1241 1802 Berle,
1262 1723 1464 1789 Everbardus
1485 1724 1681 1804 deGerxem,
1706 1727 1807 1792 Theo-

500 1814 626 1879 dericus
644 1813 890 1885 dechcsleve
913 1812 1132 1876 Heinricusde
1149 1815 1312 1892 Scouwcn,
1333 1814 1465 1890 militcs3
1489 1813 1640 1882 lordanus
1659 1816 1699 1882 (16
1712 1817 1807 1882 llius·

500 1905 580 1969 leve.
628 1903 678 1966 Ne
712 1902 810 1984 igitur
839 1902 913 1964 talis
946 1908 1125 1966 contractus
1152 1900 1285 1965 dissolvi
1313 1901 1435 1978 valeat,
1466 1902 1548 1966 banc
1580 1905 1732 1987 paginam
1764 1905 1807 1968 ad

499 1993 690 2075 peticionem
709 1991 871 2072 utriusque
891 1990 991 2074 partis
1012 1990 1118 2071 sigillo
1149 1997 1254 2054 nestro
1282 1989 1414 2054 fecimus
1434 1991 1584 2056 roborari.
1637 1994 1737 2058 lluius
1760 1995 1805 2059 rei

500 2089 597 2146 testes
632 2088 717 2146 sunt:
749 2078 906 2143 lohannes
940 2079 1120 2162 prepositus
1152 2079 1253 2142 sancti
1286 2078 1436 2142 lobannis
1470 2100 1567 2164 prope
1603 2082 1805 2164 Halbcrstad,

486 2171 667 2237 ,Heinricus
690 2171 780 2234 miles
792 2168 923 2249 (dictus)
945 2168 1145 2247 Ysenborde;
1168 2167 1377 2244 Gherlardusl
1399 2168 1553 2251 plebanus
1575 2172 1606 2233 in
1619 2171 1806 2254 Ostcrvvich,

500 2261 667 2324 Heinricus
687 2259 842 2342 plebanus
871 2258 903 2320 in
924 2255 1177 2338 Ascbtersleve)‚
1200 2256 1296 2321 frater
1323 2256 1504 2332 lothannes‘)
1530 2259 1571 2324 de
1598 2260 1801 2343 llemninohe,

498 2349 596 2413 frater
618 2348 783 2412 Bertoldus
804 2346 844 2412 de
864 2347 993 2427 Brema,
1016 2346 1173 2410 lohannes
1195 2345 1235 2409 dc
1255 2345 1421 2426 Anvorde,
1442 2347 1628 2428 lothanncs)
1650 2351 1807 2434 plebanus

498 2439 530 2502 in
554 2435 774 2510 Watenstede‚
795 2436 867 2498 Her.
894 2435 986 2499 miles
1017 2434 1057 2499 de
1087 2434 1309 2512 Oschcrsleve,
1344 2435 1478 2499 Iacobus
1505 2434 1546 2498 de
1574 2436 1796 2518 Sevcrthusen,

499 2527 667 2591 Heinricus
687 2525 728 2590 de
744 2526 876 2604 Veltcm,
897 2524 1112 2590 Theodericus
1134 2525 1174 2588 de
1194 2523 1394 2604 Haslcvcldc,
1416 2533 1448 2586 ct
1469 2525 1524 2588 alii
1546 2547 1640 2608 quarn
1662 2529 1776 2610 plures.

579 2616 693 2679 Actum
704 2614 895 2691 Halberst'at,
917 2633 1000 2677 anno
1012 2613 1130 2677 domini
1144 2613 1310 2678 millesimo
1323 2613 1503 2693 ccotxtn,
1525 2614 1597 2680 idus
1610 2615 1807 2699 Decembris,

499 2703 699 2788 pontificatus
718 2703 818 2768 nostri
839 2722 923 2766 anno
944 2703 1087 2787 septimo.

575 2820 678 2873 Urocbr.
700 2821 738 2872 im
755 2819 864 2886 ber-’opt
884 2819 1171 2886 Loudcsluruptarcbie
1189 2836 1223 2872 zu
1248 2821 1448 2886 Wolfcubrtttel,
1475 2827 1555 2874 auter
1574 2821 1627 2875 (terr
1651 2822 1733 2876 Urlrb.
1760 2824 1806 2876 des

499 2889 550 2943 Kl.
562 2890 752 2943 Mielrcclslciu.
784 2889 848 2942 Duc
866 2889 948 2954 Siepel
965 2890 1000 2941 r'at
1018 2889 1092 2941 nicht
1112 2890 1185 2941 urcbr
1204 2890 1364 2944 rmlcundcrc.
1400 2891 1454 2960 Vpl.
1466 2891 1592 2946 Zcr'tsclvr.
1611 2891 1637 2946 d.
1653 2893 1741 2947 Hora·
1748 2894 1806 2949 Ver.

498 2961 518 3027 s.
540 2959 573 3013 G.
592 2978 620 3014 (ι.
639 2959 814 3014 Alteram-K.
834 2964 851 3013 7
869 2961 970 3027 (1874),
989 2959 1016 3013 S.
1033 2963 1189 3014 tat—tat.

1027 3139 1278 3148 ——-———-—--

500 3150 612 3234 1263.
1743 3155 1805 3236 14.

601 3287 757 3364 Gertrud,
781 3287 938 3350 Acbtissia
958 3307 1000 3350 aa
1022 3286 1248 3367 Quallirtburp,
1269 3287 1392 3351 scbcclat
1419 3289 1487 3351 dem
1508 3289 1634 3352 Klostcr
1654 3289 1806 3353 Himoccl-

594 3387 722 3463 ptodcu
739 3386 815 3448 croci
833 3385 945 3465 flectat
968 3385 1003 3448 ia
1023 3382 1260 3464 Dcrliapcrodc.

578 3497 614 3561 In
636 3499 762 3563 nomine
783 3498 903 3564 demini
924 3519 1025 3564 amen.
1069 3500 1235 3564 Gertrudis
1261 3501 1313 3566 dei
1342 3504 1446 3583 gratia
1466 3500 1807 3585 Quidelingburgensis

499 3585 665 3651 abbatissa
694 3589 840 3654 omnibus
866 3589 982 3654 Christi
1012 3589 1160 3654 fidelibus
1189 3597 1252 3654 tam
1286 3592 1485 3673 presentibus
1512 3611 1605 3674 qnam
1630 3591 1742 3656 futuris
1771 3593 1803 3656 in

498 3682 694 3759 perpetuum.
736 3678 787 3739 Ad
812 3677 1078 3742 confirmationem
1107 3697 1228 3757 eorum,
1259 3699 1320 3761 quc
1347 3679 1398 3744 vcl
1425 3678 1560 3744 defectu
1577 3681 1726 3745 memorie
1753 3681 1805 3744 vel

498 3765 634 3845 longevo
661 3772 835 3848 temporum
857 3764 990 3830 decursu
1015 3774 1148 3849 possunt
1172 3773 1289 3832 temere
1316 3769 1489 3850 immutari,
1515 3769 1688 3833 litterarum
1719 3771 1805 3834 testi-

497 3855 605 3918 monia
629 3856 843 3937 requiruntur,
870 3857 1018 3936 quatinus
1039 3857 1157 3920 habitis
1178 3857 1364 3921 auctenticis
1385 3859 1601 3923 instrumentis
1626 3865 1727 3923 cesset
1752 3859 1806 3922 ob-

496 3934 592 4006 iectio
618 3961 712 4025 super
737 3943 818 4007 serie
839 3945 884 4007 rei
905 3952 1001 4024 geste.
1045 3944 1129 4010 Hinc
1150 3953 1213 4026 cst,
1243 3944 1327 4028 quod
1348 3952 1455 4011 tenore
1476 3947 1670 4030 presentium
1699 3967 1805 4027 recog-

495 4032 655 4096 noscimus
675 4039 708 4096 et
733 4032 860 4114 publice
886 4040 1106 4116 protestamur,
1135 4036 1218 4118 quod
1245 4035 1355 4099 habito
1382 4036 1476 4100 totins
1506 4035 1603 4100 nostri
1632 4042 1805 4101 conventos

496 4139 628 4184 assensn
649 4121 728 4184 duos
750 4141 876 4185 mansos
892 4122 969 4185 sitos
983 4122 1015 4186 in
1029 4123 1308 4205 Dervelingerode,
1330 4142 1460 4204 quorum
1472 4126 1651 4209 proprietas
1671 4124 1805 4188 ecclesie

494 4214 600 4272 nostre
612 4208 711 4272 libere
723 4208 912 4291 pertinebat,
921 4209 1036 4274 dilecto
1046 4211 1137 4274 nobis
1151 4213 1183 4273 in
1199 4211 1324 4275 Christo
1336 4213 1504 4276 couventui
1515 4213 1647 4276 fratrum
1662 4213 1695 4277 in
1709 4213 1805 4276 Porta

496 4296 564 4360 Celi
587 4295 687 4360 libera
706 4296 877 4361 donatione
904 4300 1090 4363 contulimus
1119 4306 1270 4383 perpetuo
1295 4299 1513 4382 possidendos.
1564 4299 1606 4365 Ut
1627 4302 1724 4384 igitur
1744 4303 1805 4370 beo

495 4390 604 4448 nostra
618 4384 753 4448 donatio
777 4385 861 4447 omni
883 4405 941 4447 evo
962 4386 1189 4450 inviolabiliter
1210 4387 1406 4466 observetur,
1433 4395 1464 4452 et
1487 4406 1527 4450 ue
1549 4407 1643 4472 snper
1668 4389 1804 4454 1166611Ἰ

495 4491 559 4560 qua
581 4471 728 4540 dubietas
749 4473 801 4539 vel
819 4474 941 4558 questio
962 4474 1069 4540 valeat
1089 4476 1123 4538 16
1135 4483 1293 4558 posterum
1321 4476 1470 4558 suboriri,
1497 4483 1660 4560 presentes
1681 4478 1805 4545 litteras
