4459 5167
877 352 925 411 Nr.
943 356 1066 413 49-51.
1084 375 1109 414 a.
1130 356 1205 415 1309.
1644 361 1698 417 257

381 501 718 653 gpmipnfflemcrus
737 502 778 571 de
791 504 972 588 Wanzleve,
992 505 1139 571 domiuus
1162 508 1314 590 magister
1334 508 1436 589 Felix,
1457 512 1490 575 et
1508 508 1616 595 plures
1636 510 1694 573 alii

428 591 605 745 edrppppum
652 700 735 747 auno
781 682 902 749 domini
943 682 1153 767 M⁰COC⁰lX⁰‚
1193 684 1226 750 in
1269 688 1408 753 crastino
1449 688 1552 752 sancti
1593 686 1693 753 Marci

382 768 604 851 ewangeliste.

381 955 411 1009 a·
431 884 794 1013 &¹132ngan
809 888 886 943 cut
901 888 977 943 aar
992 888 1153 943 soum.
1195 889 1255 943 ron
1273 890 1392 947 ammo.
1416 908 1467 945 sm
1484 892 1556 947 um
1574 890 1693 947 nourr.

461 1034 490 1100 1)
506 1034 546 1089 bt.
561 1036 742 1091 dimistatem.
914 1076 1164 1085 -------

385 1218 507 1302 roos.
535 1220 642 1303 luni
658 1222 721 1303 10.
767 1220 992 1303 Waterler.
1626 1224 1692 1307 50.

487 1360 559 1426 Dus
574 1362 706 1427 Kloster
719 1362 872 1429 Wuterler
886 1363 1022 1439 deleant,
1044 1362 1120 1427 dass
1133 1362 1193 1426 den
1205 1362 1244 1427 K
1247 1362 1533 1445 losterjunpfruueu
1543 1366 1695 1433 Jouormu

487 1479 546 1523 voa
564 1460 747 1543 Vopelsdorf
768 1461 838 1526 und
857 1460 1027 1524 Bertrudis
1050 1480 1109 1523 rou
1131 1460 1325 1525 &ludrustult
1345 1462 1396 1525 die
1410 1462 1588 1547 Eirrkiiustc
1609 1466 1695 1529 eiuer

487 1577 546 1621 uon
576 1558 671 1622 111111
701 1578 775 1623 aum
798 1558 931 1623 Kloster
961 1558 1127 1638 eleusim
1155 1558 1265 1622 tuden
1291 1558 1382 1643 Iluse
1409 1580 1450 1623 uu
1476 1562 1603 1626 Lindon
1633 1565 1696 1645 out

488 1654 665 1720 chcrsrueii
684 1655 891 1720 oerscltriobers
911 1655 993 1719 sind.

471 1770 535 1835 Nos
568 1770 621 1835 dei
653 1771 758 1853 gratia
782 1770 903 1855 Sophia
934 1770 1114 1852 abbatissa,
1147 1770 1305 1835 Iohannes
1336 1774 1515 1856 prepositus
1549 1781 1695 1858 totusque

383 1866 560 1923 conventus
595 1860 778 1925 monasterii
809 1861 843 1923 11
870 1859 1045 1923 Waterlere
1076 1859 1222 1923 omuibus
1251 1859 1308 1923 luas
1344 1861 1466 1926 litteras
1493 1864 1609 1928 visuris
1639 1884 1693 1929 seu

384 1947 543 2013 audituris
564 1948 706 2013 volumus
725 1966 796 2012 esse
816 1953 934 2027 notum,
955 1946 1039 2028 quod
1057 1946 1201 2010 Iohanne
1222 1947 1262 2010 de
1276 1948 1464 2034 vogelstorp
1486 1957 1519 2015 et
1532 1951 1695 2017 Bortradis

384 2036 427 2101 de
455 2037 621 2102 slanstede
646 2038 679 2102 iu
708 2045 816 2102 nostro
840 2037 1031 2101 monasterio
1055 2035 1227 2101 existentes
1251 2038 1404 2102 monache
1431 2040 1549 2103 fructus
1570 2028 1696 2105 dimidii

384 2127 491 2190 mansi
511 2126 544 2189 11
566 2127 688 2210 eampis
707 2128 785 2191 ville
805 2124 888 2189 dicte
908 2124 1033 2189 Linden
1053 2125 1107 2189 siti
1129 2124 1170 2189 de
1191 2133 1299 2189 nostra
1321 2127 1482 2191 voluntate
1508 2135 1540 2192 et
1560 2129 1696 2193 licencia

385 2215 544 2298 recipient
554 2216 619 2281 vite
639 2234 695 2279 sue
715 2214 908 2299 temporibus
932 2212 1149 2297 possidendos.
1176 2213 1249 2279 Una
1265 2234 1389 2297 quoque
1405 2217 1535 2281 istarum
1550 2216 1591 2281 de
1603 2218 1696 2281 huius

385 2304 453 2367 rite
480 2303 584 2367 medio
615 2304 742 2369 sublata
769 2305 870 2367 altera
899 2321 958 2386 pro
986 2303 1054 2365 vita
1084 2321 1143 2367 sua
1174 2302 1301 2367 eosdem
1327 2305 1446 2369 fruetus
1473 2306 1604 2390 recipiet
1633 2326 1694 2371 nou

384 2392 537 2464 minutos;
560 2392 714 2457 ambabus
733 2411 809 2457 vero
822 2392 947 2456 volente
968 2389 1096 2455 domino
1117 2390 1275 2457 delirantis
1290 2390 1374 2456 idem
1396 2392 1548 2458 dimidius
1567 2415 1696 2461 mausus

386 2480 430 2543 ad
460 2499 640 2546 communes
668 2498 743 2545 usus
773 2479 921 2544 deveniet
953 2478 1159 2543 dominarum.
1207 2479 1274 2543 Hec
1306 2481 1414 2563 itaque
1442 2502 1500 2566 pro
1533 2483 1695 2548 voluntate

386 2576 553 2652 parentum
579 2569 793 2652 predictarum
821 2569 995 2653 puellarum
1022 2572 1115 2649 grata
1136 2572 1168 2632 et
1195 2576 1264 2633 rata
1290 2569 1459 2652 babentes,
1489 2588 1562 2635 narn
1591 2572 1695 2656 ipsum

387 2658 553 2723 dimidium
568 2677 713 2723 mansum
730 2664 837 2722 nostro
858 2659 1049 2722 monasterio
1065 2657 1159 2722 modo
1175 2676 1236 2739 quo
1256 2658 1452 2743 prediximus
1465 2668 1695 2744 compararunt,

387 2748 424 2812 Ι1
449 2749 541 2812 cuius
563 2749 607 2813 rei
628 2749 840 2813 testimouium
862 2747 971 2829 sigilla
991 2751 1098 2810 nostra
1119 2749 1320 2831 presentibus
1342 2754 1414 2813 sunt
1435 2768 1588 2834 appensa.

468 2837 587 2901 Datum
606 2838 692 2920 apud
720 2856 778 2901 nos
800 2835 990 2916 Waterlere,
1018 2836 1051 2899 11
1077 2836 1216 2901 crastino
1236 2836 1323 2902 beati
1346 2837 1412 2902 Viti
1433 2838 1585 2919 martiris,
1613 2858 1697 2905 anno

387 2926 508 2991 domiui
530 2926 669 2992 111000ο
689 2947 781 2991 nouo.

465 3052 571 3107 Ursule.
587 3052 677 3106 Wem.
720 3052 778 3105 Vrm
795 3051 854 3105 deta
873 3050 1079 3117 Cone-mummi
1096 3050 1155 3118 (rpl.
1179 3050 1238 3117 Tus.
1255 3050 1297 3118 ΙΙ,
1316 3050 1370 3107 Nr.
1388 3054 1434 3119 21)
1454 3053 1489 3105 ist
1507 3053 1550 3105 eiu
1567 3058 1698 3121 promeres·

392 3124 485 3189 Theai,
510 3140 559 3176 uon
584 3122 644 3176 dem
661 3123 768 3176 zweiten
789 3138 846 3175 aar
868 3123 913 3175 ein
937 3121 1035 3173 kleines
1054 3120 1226 3173 Bruouuueu
1249 3122 1375 3175 erltulten.
1411 3122 1476 3187 Auf
1492 3122 1539 3175 der
1557 3122 1698 3177 Ildclscr'te

388 3194 435 3248 der
465 3192 593 3247 Urkmade
620 3195 656 3246 iat
682 3210 732 3247 uon
758 3192 884 3256 nudarer,
912 3190 979 3244 docls
1000 3191 1136 3259 repertur
1160 3191 1350 3259 pler'clruer'tr'pcr
1371 3190 1459 3243 Hurrd
1484 3192 1609 3246 bencerkt:
1638 3194 1697 3247 Hiis

389 3265 497 3333 seriptis
512 3264 688 3333 adiungimus,
710 3264 778 3332 quod
791 3263 907 3316 maxime
920 3276 1026 3315 neeesse
1046 3266 1095 3327 est,
1115 3265 1146 3313 ut
1165 3262 1268 3314 reditus
1283 3262 1349 3315 droti
1367 3262 1473 3315 dimidii
1490 3263 1576 3317 mansi
1593 3265 1697 3331 prolato

388 3334 474 3389 nostri
492 3334 605 3389 claustri
622 3338 817 3415 presentantur,
841 3349 903 3387 cum
926 3330 1039 3385 licencia
1060 3330 1180 3384 ciusdem
1202 3333 1345 3385 secundum
1369 3334 1489 3399 regillum
1505 3333 1592 3387 sancti
1611 3333 1697 3401 putris

388 3403 637 3527 ppstpihlielpplddictr
661 3403 765 3457 notorie
788 3404 817 3456 in
843 3418 905 3455 usus
931 3401 1035 3454 debitos
1065 3406 1094 3454 ct
1119 3399 1205 3453 licitos
1227 3403 1419 3469 expendantur.
1446 3432 1480 3441 -
1507 3402 1624 3456 Hdselrr.
1651 3402 1697 3457 des

424 3516 430 3528 .
490 3494 510 3528 .:
598 3490 649 3528 em

394 3594 513 3675 1309.
540 3591 791 3694 September
805 3591 872 3674 20.
1633 3592 1695 3675 til.

489 3726 554 3791 Die
574 3728 768 3793 Sulmonem
789 3728 843 3790 des
863 3726 1048 3807 Stiftslrerrn
1066 3725 1232 3790 Reiuburd
1252 3748 1279 3789 v.
1303 3726 1388 3791 blein
1408 3746 1450 3790 aar
1473 3726 1588 3791 Goslur
1605 3728 1698 3807 pebeu
1790 3783 1795 3791 .

489 3827 557 3889 dem
583 3825 714 3890 Kluster
733 3824 887 3888 Wuterler
913 3825 982 3887 ciue
1003 3823 1206 3903 vollstdudipe
1231 3824 1322 3887 Bibcl
1347 3824 1481 3906 suriick,
1508 3823 1616 3887 tuente
1642 3822 1698 3888 der

490 3927 647 4003 pmanuu
667 3922 829 4005 biitisluerr
851 3922 931 3985 ciust
955 3941 1022 3984 erum
1044 3920 1176 3984 Kbrster
1194 3922 1325 4003 pekutufl
1352 3920 1448 3995 butte,
1475 3922 1598 3983 sicherus
1624 3921 1697 3984 uber

490 4021 549 4084 den
566 4020 676 4085 Schola
696 4041 750 4084 vor
770 4021 856 4083 cister
875 4019 1082 4099 stultibftipera
1096 4016 1451 4098 chdcruerdusscruup
1471 4018 1540 4081 useel
1560 4016 1698 4081 colosson

490 4118 559 4181 dem
580 4117 713 4183 Kloster
730 4118 796 4182 ulcr
817 4118 925 4182 Murio.

469 4235 537 4299 Nos
561 4236 659 4300 irater
678 4235 838 4301 lohannes
865 4233 1071 4299 miseracione
1099 4231 1212 4297 diviua
1236 4231 1412 4313 gordianus
1438 4230 1549 4296 domus
1577 4229 1698 4296 ordinis

390 4330 521 4393 nauum
547 4325 702 4389 minorum
730 4323 764 4387 in
790 4323 953 4391 Goslaria.
986 4324 1083 4387 l'rater
1103 4320 1261 4385 lolraoues
1290 4320 1393 4385 dictus
1419 4321 1547 4393 Hircus,
1576 4320 1698 4384 ordinis

391 4414 620 4494 dinaniensis,
647 4412 842 4477 Gouoelinus
869 4410 1009 4475 vicarius
1039 4407 1172 4472 ecclesie
1198 4414 1378 4473 sanctorum
1403 4409 1615 4491 apostolorum
1642 4408 1699 4489 Sy-

392 4502 493 4567 monis
512 4510 545 4566 et
564 4499 644 4565 Inde
665 4501 698 4565 11
715 4499 872 4581 Goslaria,
893 4498 993 4564 Gbiso
1014 4496 1120 4560 dietus
1142 4494 1181 4559 de
1202 4496 1327 4580 Lapide
1346 4496 1447 4578 miles,
1469 4496 1699 4561 testamentarii

449 4605 817 4659 samanaeos-cmxv.
1465 4598 1497 4651 11
