4459 5167
366 1245 467 1328 1227

468 1304 479 1326 .
1642 1248 1677 1331 1.

472 1379 540 1445 Der
573 1381 789 1446 Arelrt'diclam
823 1381 877 1446 des
912 1379 1031 1446 Barros
1061 1377 1269 1446 Dordcslreim
1306 1381 1468 1463 veruleicht
1503 1381 1563 1446 dus
1601 1383 1678 1468 Str'ft

471 1479 503 1545 S.
522 1479 680 1544 Jctraaais
703 1501 746 1546 aa
766 1477 970 1544 Hulberstudt
993 1479 1062 1542 aad
1088 1481 1139 1544 die
1159 1479 1349 1544 Eiuwohocr
1370 1500 1427 1546 oon
1448 1481 1512 1546 Lcr
1529 1481 1679 1564 (Hester)

470 1598 573 1659 rogeo
593 1578 647 1642 des
670 1577 937 1643 Patronctsreclrts
956 1579 1013 1642 der
1032 1577 1152 1642 Kircbe
1165 1579 1256 1660 jener
1281 1577 1376 1644 Ortar.

452 1703 609 1768 Arucldus
639 1703 692 1768 dei
722 1705 828 1788 gratia
857 1703 1111 1789 archidyaconus
1141 1705 1174 1768 in
1202 1703 1390 1769 Derdessem
1422 1705 1567 1771 omnibus
1596 1705 1679 1772 hanc

369 1793 522 1876 paginam
544 1793 700 1858 audituris
720 1794 853 1859 salutem
873 1793 905 1857 in
927 1792 1064 1858 domino.
1105 1793 1154 1858 lla
1175 1813 1236 1876 que
1258 1795 1339 1858 iuter
1360 1799 1467 1878 partes
1486 1793 1680 1862 dissidentes

370 1881 413 1945 ad
436 1882 550 1946 honum
570 1882 661 1966 pacis
681 1889 714 1947 et
733 1882 945 1948 concordIeiu
959 1890 1067 1948 nostra
1079 1884 1241 1966 presentia
1253 1883 1368 1948 brednt
1383 1883 1541 1965 ordinata,
1562 1885 1678 1950 iustum

371 1979 421 2037 est
440 1979 474 2035 ut
490 1991 530 2037 ea
541 1979 606 2038 tam
619 1972 727 2038 valido
749 1978 855 2037 nostro
877 1973 1034 2037 firmitatis
1054 1973 1227 2038 munimine
1249 1973 1441 2054 roboremus,
1462 1993 1502 2039 ne
1518 1973 1679 2058 aposteri·

371 2067 437 2126 tate
458 2061 666 2145 calumpniari
686 2063 750 2126 ullo
770 2061 864 2126 modo
885 2062 1014 2126 valeant
1035 2061 1087 2127 vel
1109 2062 1249 2144 infringi.
1292 2062 1425 2127 Noverit
1445 2063 1542 2144 Igitur
1557 2065 1679 2129 unirer-

370 2151 450 2215 situs
471 2157 577 2216 restra
589 2150 781 2232 veneranda,
802 2149 896 2232 quod,
917 2169 988 2214 cum
1010 2151 1093 2216 iuter
1113 2151 1309 2233 prepositum
1328 2157 1360 2214 et
1373 2159 1559 2217 conventum
1576 2154 1679 2218 sancti

370 2240 523 2304 Iohannis
548 2240 732 2305 incivitate
753 2259 793 2305 cx
813 2259 877 2302 una
898 2245 929 2304 et
948 2240 1035 2305 cives
1056 2238 1097 2304 de
1118 2239 1197 2304 bere
1218 2259 1258 2304 cx
1279 2245 1370 2324 parte
1390 2241 1492 2306 altera
1505 2260 1600 2325 super
1612 2242 1680 2306 iure

369 2336 556 2413 patronatus
576 2329 709 2396 ecclesie
731 2331 763 2394 in
787 2330 865 2395 Lere
890 2329 985 2410 longa
1005 2328 1061 2393 diu
1083 2331 1296 2394 controversIa
1323 2329 1434 2394 fuisset
1456 2330 1567 2395 habita
1593 2339 1624 2396 ct
1646 2332 1677 2395 in

371 2426 479 2484 nostra
508 2419 670 2503 presentia
699 2421 808 2504 sepius
838 2419 985 2500 actitata,
1018 2421 1180 2504 preposito
1212 2420 1373 2502 allegante
1402 2439 1436 2484 se
1470 2421 1501 2486 iu
1530 2422 1603 2506 ipsa
1631 2421 1680 2486 ius

370 2514 556 2592 patronatus
576 2508 704 2591 habere,
724 2509 849 2575 civibus
869 2527 944 2572 vero
965 2508 998 2572 iu
1020 2509 1211 2573 contrarium
1223 2509 1434 2594 allegantibus
1448 2517 1479 2574 et
1492 2509 1682 2576 affirrnaIIve

369 2597 549 2663 dicentibus
570 2616 605 2662 se
625 2597 758 2664 liberam
779 2597 965 2664 electionem
986 2597 1113 2674 habere,
1135 2605 1167 2663 et
1189 2599 1247 2663 hec
1268 2599 1352 2664 iuter
1371 2619 1425 2666 eos
1439 2605 1527 2666 muto
1539 2607 1681 2684 tempore

370 2687 409 2750 lis
430 2687 590 2767 durasset,
616 2707 778 2770 quousque
799 2688 931 2752 donatio
952 2687 1052 2769 ipsius
1073 2687 1207 2752 ecclesie
1229 2689 1270 2753 ad
1292 2707 1350 2752 nos
1371 2688 1542 2754 secuudum
1562 2695 1682 2754 statuta

369 2796 525 2842 canonum
546 2776 698 2842 devoluta
717 2779 838 2857 fuisset,
859 2797 917 2843 nos
937 2777 978 2841 de
999 2777 1294 2860 superhabundanti
1311 2777 1386 2842 VIII
1408 2775 1680 2864 septimaluahum

368 2866 517 2931 Inductus
546 2867 691 2950 partibus
723 2866 884 2950 dedimus,
917 2867 1000 2932 intra
1032 2868 1164 2949 quassi
1195 2868 1325 2933 mInIme
1351 2868 1593 2949 concordarent,
1624 2889 1682 2934 uos

369 2963 487 3021 extunc
512 2955 634 3021 indulto
656 2956 749 3021 nobis
770 2956 837 3022 iure
857 2955 998 3038 gaudme
1016 2957 1179 3036 vellemus,
1200 2958 1283 3039 quod
1305 2963 1413 3042 partes
1427 2957 1681 3042 deceptantesttl

368 3052 534 3128 gratanter
546 3044 588 3110 de
600 3046 757 3111 communi
768 3065 925 3112 consensu
937 3067 977 3112 ex
991 3053 1125 3129 utraque
1140 3054 1231 3130 parte
1246 3055 1308 3112 tres
1321 3048 1456 3112 arbitros
1467 3047 1683 3131 produxerunt

370 3144 403 3200 et
427 3135 716 3218 compromittentes
740 3136 772 3200 in
798 3137 885 3220 ipsos
911 3137 970 3202 sub
996 3157 1080 3220 pena
1108 3138 1167 3200 XL
1193 3157 1367 3202 nrarcarum
1394 3137 1557 3202 arbitrium
1582 3137 1683 3202 valla-

368 3231 497 3304 verunt,
518 3225 566 3290 ita
588 3231 622 3290 ut
642 3244 827 3307 quecunque
848 3226 984 3308 partium
1008 3226 1159 3298 resiliret,
1178 3226 1270 3290 alteri
1291 3227 1428 3292 solveret
1446 3226 1541 3290 XXX
1556 3245 1681 3290 marces

370 3323 401 3379 et
422 3314 657 3398 archidyacono
669 3315 709 3378 X.
751 3316 966 3380 Consedentes
988 3315 1086 3396 igitur
1106 3320 1138 3378 et
1158 3315 1232 3380 hinc
1253 3314 1328 3380 inde
1349 3315 1683 3380 tractatumhabentes

369 3405 475 3470 taliter
501 3410 729 3484 convenerunt,
761 3404 846 3487 quod
873 3405 960 3469 cives
986 3404 1026 3468 de
1057 3405 1147 3470 hiere
1173 3403 1307 3469 liberam
1339 3423 1463 3488 semper
1495 3403 1678 3469 electionem

370 3495 524 3574 habeant,
546 3495 592 3559 ita
614 3501 720 3559 umen
742 3494 826 3576 quod
847 3496 888 3559 de
912 3494 1048 3559 ecclesia
1068 3495 1171 3559 sancti
1192 3493 1343 3558 IohanuIs
1366 3512 1531 3576 personam
1552 3494 1682 3576 eligant,

371 3603 464 3664 qnam
491 3584 554 3648 sibi
580 3584 718 3648 maxime
739 3583 877 3649 viderint
898 3583 1058 3667 expedire,
1079 3591 1111 3647 et
1132 3586 1264 3649 electam
1286 3583 1461 3667 preposito,
1488 3591 1522 3649 ut
1543 3604 1613 3649 eam
1636 3585 1683 3648 in-

370 3675 534 3753 restietttl
555 3680 781 3758 representem,
802 3674 982 3758 prepositus
1008 3693 1084 3738 reru
1105 3671 1339 3756 archidyacono
1359 3672 1463 3754 ipsam
1493 3672 1620 3751 offerat,
1647 3681 1681 3737 ut

371 3783 476 3828 curam
489 3764 531 3828 ab
552 3763 624 3847 ipso
634 3763 770 3847 recipiat
784 3769 817 3827 et
835 3763 934 3827 iaciat
944 3761 1169 3840 obedientiam,
1184 3767 1218 3826 ut
1232 3768 1362 3826 tenetur.
1394 3761 1443 3824 dd
1460 3761 1519 3826 hoc
1531 3767 1682 3826 statutum

372 3861 432 3927 est,
463 3859 499 3917 ut
525 3853 554 3916 si
579 3853 666 3918 cives
691 3852 775 3916 iufra
807 3871 946 3917 mensem
972 3853 1005 3916 in
1032 3851 1181 3933 eligendo
1207 3871 1269 3916 non
1297 3850 1457 3935 potuerint
1480 3849 1681 3930 concordare,

370 3943 551 4028 prepositus
584 3943 666 4007 iutra
697 3959 837 4007 mensem
870 3939 1114 4024 subsequentem
1142 3959 1276 4026 persone
1311 3938 1435 4022 ydonee
1471 3938 1512 4004 de
1545 3938 1682 4004 ecclesia

370 4032 471 4098 sancti
498 4031 650 4096 Iohannis
677 4030 819 4114 porrigat
849 4029 1016 4095 ecclesiam
1046 4029 1251 4095 antedictam.
1300 4029 1334 4094 Si
1363 4047 1438 4092 vero
1467 4033 1499 4092 et
1528 4028 1596 4110 ipse
1625 4047 1679 4093 ne-

371 4121 507 4202 glexerit
527 4121 577 4184 ins
598 4120 709 4204 ipsius,
729 4119 981 4201 archidyaconus
1001 4127 1118 4186 extunc
1139 4139 1233 4202 quam
1254 4119 1389 4183 volucrit
1410 4119 1442 4182 in
1464 4135 1682 4202 eapersonam

371 4211 526 4290 instituat,
548 4229 607 4275 nec
627 4211 780 4293 prepositi
803 4228 860 4274 uec
882 4211 998 4275 civium
1015 4210 1167 4292 requisito
1182 4227 1344 4274 consensu.
1386 4207 1571 4290 Prepositus
1585 4207 1681 4272 etiam

370 4319 539 4382 personam
567 4299 610 4364 ah
640 4299 777 4364 ecclesia
805 4300 907 4364 sancti
934 4299 1084 4363 Iohannis
1110 4299 1289 4363 institutam
1315 4315 1372 4380 pro
1399 4302 1483 4361 motu
1510 4296 1608 4360 animi
1634 4297 1681 4361 sui

371 4407 519 4455 revocare
551 4405 615 4453 uon
648 4387 760 4468 dehet,
794 4387 857 4452 uisi
890 4389 971 4453 adeo
1006 4388 1176 4452 enormiter
1203 4405 1238 4452 se
1262 4387 1412 4469 gesserit,
1440 4382 1525 4466 quod
1547 4383 1677 4448 infamia

370 4485 442 4543 notu
465 4484 577 4544 contra
598 4477 702 4561 ipsum
720 4477 888 4542 manifeste
909 4478 1096 4560 proclamet:
1126 4483 1157 4540 ct
1178 4475 1204 4540 si
1227 4495 1283 4561 pro
1312 4473 1370 4540 tali
1395 4491 1493 4538 causa
1515 4478 1679 4538 revocatus

371 4567 463 4634 tuerit
494 4567 548 4633 rel
572 4566 656 4632 siin
676 4567 756 4633 here
777 4566 862 4632 diem
883 4571 1057 4631 extremum
1084 4566 1250 4647 clauserit,
1278 4567 1364 4630 ciues
1385 4561 1425 4628 de
1447 4561 1589 4644 reliquIIs
1609 4559 1677 4627 suls

1433 4665 1484 4720 15·
