4459 5167
502 336 537 389 96
814 340 978 409 Augustincr
995 340 1246 396 Einsiedlerlrloster
1264 340 1492 412 Himmelpforten.

605 488 773 568 firmanda,
795 495 987 571 statuentes,
1008 495 1042 552 ut
1061 489 1201 555 universi
1223 489 1344 575 priores
1365 497 1397 556 et
1416 491 1530 562 fratres
1553 492 1585 556 in
1611 491 1808 575 professione

601 578 736 659 predicti
771 578 892 643 ordinis
931 578 1155 643 heremitarum
1189 580 1292 644 sancti
1329 581 1500 663 Augustini
1543 582 1650 646 taliter
1687 581 1808 645 couniti

600 667 700 747 nigris
726 666 893 732 dumtaxat
919 675 951 733 et
976 668 1072 733 nullis
1102 670 1177 734 aliis
1191 668 1305 734 coloris
1318 671 1449 735 alterins
1459 670 1592 735 cucullis
1604 669 1806 751 aliquatenus

601 762 772 821 uterentur.
818 756 885 820 Nos
913 756 1070 837 volentes,
1096 762 1131 821 ut
1152 758 1322 840 premissa,
1356 778 1417 841 que
1451 759 1492 823 de
1524 757 1723 824 vestimentis
1752 778 1807 823 ex-

601 845 769 909 terioribus
790 864 810 907 a
831 843 992 927 sepedicto
1008 843 1230 928 predecessore
1252 854 1358 911 nostro
1379 846 1464 911 eirca
1480 847 1619 930 prefatos
1636 846 1808 911 heremitas

604 939 724 998 statuta
750 934 874 997 luerunt
905 933 1074 998 salubriter
1101 939 1134 997 et
1160 934 1200 998 ab
1228 934 1324 1017 ipsis,
1359 941 1394 998 ut
1425 936 1608 1015 recolimus,
1640 941 1808 1019 acceptata

599 1023 717 1103 ubique
738 1027 771 1085 et
788 1021 829 1085 ab
850 1022 995 1086 omnibus
1020 1022 1182 1087 heremitis
1203 1022 1300 1088 unitis
1323 1024 1429 1088 taliter
1448 1030 1481 1089 et
1502 1025 1543 1089 ab
1562 1024 1637 1089 aliis
1649 1024 1807 1089 universis

601 1110 826 1176 inviolabiliter
847 1112 1023 1186 observari,
1054 1111 1244 1175 fraternitati
1266 1118 1371 1177 vestre
1400 1132 1456 1197 per
1484 1114 1663 1197 apostolica
1687 1114 1807 1194 scripta

601 1202 633 1265 in
660 1202 775 1264 virtute
801 1198 987 1264 obediencie
1014 1198 1158 1263 districte
1183 1200 1389 1283 precipiendo
1422 1201 1626 1283 mandamus,
1656 1200 1806 1284 quatinus

600 1290 760 1374 predictos
787 1290 908 1371 priores
934 1296 965 1353 et
991 1288 1162 1352 heremitas
1191 1308 1231 1353 ae
1257 1289 1354 1371 alios,
1381 1291 1434 1372 qni
1460 1289 1570 1372 nigras
1597 1291 1725 1374 penitus
1748 1309 1806 1355 seu

601 1380 693 1443 albas
715 1377 853 1443 cucullas
875 1398 936 1442 non
959 1383 1094 1461 portant,
1116 1377 1200 1460 quod
1225 1397 1323 1460 nsque
1343 1379 1386 1441 ad
1407 1378 1521 1443 festum
1548 1379 1688 1443 omnium
1716 1398 1806 1444 sanc-

600 1473 700 1532 torum
723 1468 866 1551 proximo
891 1474 1056 1532 venturum
1078 1466 1162 1549 nigri
1184 1486 1312 1551 prorsus
1339 1469 1453 1534 coloris
1480 1467 1622 1532 cucullas
1643 1474 1807 1531 assumant

501 1559 509 1573 “
600 1557 734 1622 abiectis
761 1557 834 1622 aliis
859 1555 1048 1621 deterendus
1069 1563 1100 1621 et
1121 1554 1251 1621 firmiter
1271 1556 1446 1639 predictum
1469 1561 1620 1622 statutum
1642 1556 1682 1621 de
1703 1562 1806 1621 cetero

599 1648 748 1712 studeant
764 1646 947 1725 observare,
969 1645 1086 1725 singuli
1108 1650 1246 1710 veebum
1268 1665 1325 1728 per
1347 1665 1422 1711 snas
1443 1646 1590 1711 civitates
1611 1653 1643 1710 et
1664 1646 1807 1711 dioceses

600 1736 725 1800 sublato
758 1733 927 1798 cuiuslibet
961 1732 1187 1815 appellationis
1221 1740 1252 1798 et
1285 1734 1546 1800 contradictionis
1580 1735 1742 1800 obstaculo
1774 1740 1806 1799 et

601 1824 717 1888 litteris
745 1822 930 1907 apostolicis
956 1821 1134 1905 impetratis
1159 1822 1211 1887 rel
1239 1822 1341 1888 eciam
1363 1823 1572 1908 impetrandis
1600 1842 1657 1907 per
1677 1843 1732 1888 eos
1753 1842 1808 1888 ne·

601 1932 760 1994 quaquam
789 1910 988 1975 obstantibus
1020 1910 1192 1974 monitione
1227 1912 1382 1994 premissa
1423 1931 1481 1997 per
1509 1932 1674 1977 censuram
1707 1913 1805 1977 ecele-

600 1993 762 2066 siasticam
793 1999 968 2063 districtius
1005 1998 1203 2082 compellatis
1233 2004 1266 2062 et
1298 2000 1331 2062 in
1362 2000 1495 2082 eosqui
1533 2007 1643 2065 contra
1674 2000 1806 2064 fecerint

601 2088 933 2155 excommunicationis
973 2088 1164 2153 sententiam
1200 2087 1421 2171 promulgetis,
1461 2107 1557 2171 quam
1592 2108 1650 2171 per
1682 2094 1806 2152 vestras

601 2180 748 2244 civitates
769 2184 801 2244 et
819 2176 961 2242 dioceses
986 2175 1122 2255 singulis
1143 2175 1256 2242 diebus
1278 2176 1445 2243 dominicis
1462 2186 1494 2243 ct
1508 2178 1633 2242 festivis
1649 2176 1806 2259 publicari

604 2268 818 2350 sollempniter
853 2271 884 2329 et
919 2283 973 2329 eos
1005 2270 1156 2346 anquam
1196 2267 1483 2332 excommunicatos
1515 2264 1683 2348 usquead
1714 2265 1806 2329 satis

602 2358 770 2421 factionem
801 2353 991 2435 condignam
1012 2353 1228 2437 appellatione
1258 2360 1379 2418 remota
1402 2356 1516 2421 evitari
1541 2356 1641 2420 artius
1673 2353 1716 2419 ab
1742 2375 1806 2420 om·

601 2445 695 2509 nibus
715 2444 851 2509 faciatis.

640 2534 760 2598 Datum
785 2533 947 2615 Anagnie,
974 2532 1050 2597 VllI
1071 2531 1227 2597 kalendas
1245 2532 1335 2614 lulii,
1360 2533 1562 2616 pontificatus
1594 2534 1691 2600 nostri
1720 2553 1804 2599 anno

601 2622 748 2687 secondo.

580 2712 645 2776 Vos
678 2712 785 2793 itaque
816 2713 1005 2778 auctoritate
1038 2712 1215 2777 litterarum
1246 2712 1387 2794 ipsarum
1425 2713 1585 2796 predictos
1617 2712 1739 2796 priores
1774 2718 1807 2777 et

500 2802 685 2879 heremitas,
713 2807 805 2883 prout
830 2820 869 2865 ex
896 2805 986 2884 parte
1017 2800 1158 2882 ipsorum
1182 2798 1241 2864 fuit
1270 2800 1465 2883 propositum
1494 2822 1600 2867 coram
1630 2802 1732 2883 nohis,
1763 2802 1806 2866 ad

501 2889 689 2973 portandum
711 2889 841 2954 baculos
869 2898 901 2954 et
921 2888 1100 2954 faciendum
1125 2887 1261 2970 quedam
1284 2889 1364 2961 alia,
1386 2890 1500 2971 quein
1522 2890 1702 2955 narratione
1722 2890 1805 2955 litte·

500 2997 604 3041 rarum
635 2976 814 3041 huiusmodi
845 2979 1058 3057 continentur,
1085 2975 1272 3059 compellere
1300 2976 1515 3055 intendentes,
1544 2998 1639 3063 super
1658 2981 1719 3046 hoc
1740 3000 1804 3044 mo-

501 3065 615 3129 nuistis
642 3064 770 3130 eosdem
793 3066 843 3130 vel
871 3065 1047 3150 proponitis
1073 3084 1269 3138 ammonere,
1297 3072 1329 3129 et
1356 3066 1486 3148 quidam
1512 3077 1652 3133 vestrum
1680 3070 1714 3134 in
1741 3088 1805 3149 eos,

500 3154 563 3219 nisi
589 3154 649 3219 hoc
676 3152 759 3217 infra
783 3154 867 3219 idem
893 3155 1006 3219 festum
1029 3154 1167 3217 omnium
1199 3159 1378 3218 sanctorum
1409 3156 1585 3240 adimplere
1616 3158 1806 3238 curaverint,

501 3242 847 3323 excommunicationis,
877 3242 1093 3325 suspensionis
1119 3247 1152 3305 et
1179 3241 1340 3307 interdicti
1367 3244 1606 3327 promulgarunt
1631 3248 1806 3313 sententias

500 3333 551 3397 vel
572 3332 772 3416 promulgare
792 3331 970 3411 intendunt,
990 3348 1085 3414 super
1107 3349 1169 3412 quo
1189 3329 1267 3395 dicti
1288 3332 1409 3414 priores
1429 3340 1461 3398 et
1481 3332 1633 3400 heremite
1646 3336 1806 3419 petierunt

500 3421 562 3485 sibi
590 3439 646 3503 per
677 3420 785 3485 sedem
816 3420 1025 3504 apostolicam
1058 3419 1228 3484 salubriter
1255 3419 1425 3502 provideri.
1477 3421 1561 3499 Quia
1592 3442 1667 3487 vero
1700 3430 1805 3488 nostre

501 3510 687 3574 intentionis
717 3529 777 3573 non
807 3510 928 3590 extitit,
954 3514 988 3573 ut
1010 3508 1124 3593 prefati
1145 3508 1265 3591 priores
1286 3516 1319 3573 et
1338 3509 1490 3575 heremite
1512 3511 1554 3575 ad
1576 3511 1805 3577 adsumendum
1863 3584 1866 3591 ¹

499 3616 599 3680 usque
623 3598 665 3660 ad
692 3598 869 3681 predictum
895 3598 1008 3663 festum
1038 3598 1129 3661 iuxta
1155 3598 1331 3682 predictum
1356 3605 1509 3663 statutum
1531 3608 1670 3666 nostrum
1698 3602 1807 3684 nigras

499 3686 666 3750 dumtaxat
694 3692 727 3750 et
751 3686 855 3750 nullas
880 3687 962 3751 alias
983 3686 1097 3751 coloris
1118 3686 1247 3751 alterius
1268 3686 1425 3768 cucullas,
1445 3688 1487 3752 ab
1508 3690 1555 3754 eis
1576 3689 1712 3755 abiectis
1732 3690 1806 3754 aliis

500 3774 688 3839 deterendus
711 3776 928 3840 tantummodo
955 3782 986 3839 et
1006 3795 1068 3841 non
1092 3776 1134 3839 ad
1155 3776 1221 3841 alia
1241 3795 1298 3858 per
1318 3776 1445 3843 easdem
1465 3778 1588 3844 litteras
1609 3787 1805 3861 cogerentur,

499 3866 642 3930 volumus
682 3869 714 3930 et
744 3864 941 3930 universitati
978 3872 1081 3929 vestre
1114 3865 1148 3928 in
1175 3865 1292 3931 virtute
1319 3866 1500 3931 obedientie
1533 3888 1590 3952 per
1629 3870 1806 3951 apostolica

497 3954 618 4036 scripta
644 3953 849 4036 precipiendo
879 3954 1075 4033 mandamus,
1096 3954 1246 4036 quatinus
1263 3956 1381 4037 singuli
1401 3964 1540 4022 vestrum
1555 3959 1639 4022 inira
1654 3959 1806 4023 octodies

499 4049 572 4125 post
594 4042 806 4125 receptionem
835 4044 1027 4126 presentium
1048 4049 1213 4127 processus
1236 4062 1309 4110 suos
1329 4052 1440 4111 eontra
1468 4053 1657 4111 memoratos
1684 4048 1806 4131 priores

500 4138 532 4194 et
557 4131 727 4196 heremitas
755 4132 806 4196 vel
832 4150 939 4195 eorum
965 4134 1088 4212 aliquos
1115 4133 1282 4197 occasione
1311 4134 1490 4199 huiusmodi
1519 4135 1647 4201 habitos
1680 4138 1804 4203 sublato

500 4220 667 4285 cuiuslibet
686 4220 881 4285 difficultatis
904 4227 935 4286 et
951 4220 1116 4285 dilationis
1129 4221 1292 4285 obstaculo
1310 4221 1459 4286 studeant
1474 4243 1642 4306 revocare;
1664 4224 1804 4308 alioquin
1872 4228 1875 4231 ’
1995 4245 1997 4255 ¹

499 4316 613 4374 extunc
631 4329 795 4392 processus
817 4310 995 4374 huiusmodi
1022 4328 1206 4375 revocamus
1232 4318 1263 4373 et
1290 4330 1345 4374 eos
1370 4310 1568 4376 decernimus
1594 4313 1698 4378 nullos
1724 4334 1804 4380 esse.

499 4398 598 4461 Vobis
626 4398 725 4461 eciam
746 4398 903 4463 universis
929 4406 960 4462 et
989 4398 1124 4479 singulis
1151 4396 1344 4478 inhibemus,
1372 4416 1412 4463 ne
1438 4417 1538 4481 usqne
1560 4401 1603 4465 ad
1623 4404 1737 4468 festum
1758 4424 1804 4468 re·

499 4487 691 4555 surreuionis
713 4487 871 4557 dominice
892 4488 1035 4574 proximo
1056 4487 1194 4551 futurum
1215 4492 1326 4550 contra
1347 4486 1526 4573 sepedictos
1547 4492 1669 4580 priores
1694 4499 1727 4560 et
1750 4493 1803 4558 he-
