<?xml version="1.0" encoding="UTF-8"?>
<!DOCTYPE html PUBLIC "-//W3C//DTD XHTML 1.0 Transitional//EN"
    "http://www.w3.org/TR/xhtml1/DTD/xhtml1-transitional.dtd">
<html xmlns="http://www.w3.org/1999/xhtml" xml:lang="en" lang="en">
 <head>
  <title>
</title>
<meta http-equiv="Content-Type" content="text/html;charset=utf-8" />
  <meta name='ocr-system' content='tesseract 3.04.00' />
  <meta name='ocr-capabilities' content='ocr_page ocr_carea ocr_par ocr_line ocrx_word'/>
</head>
<body>
  <div class='ocr_page' id='page_1' title='image "./urkundenbuchder00nunsgoog_0188.png"; bbox 0 0 4459 5167; ppageno 0'>
   <div class='ocr_carea' id='block_1_1' title="bbox 864 303 1718 370">
    <p class='ocr_par' dir='ltr' id='par_1_1' title="bbox 864 303 1718 370">
     <span class='ocr_line' id='line_1_1' title="bbox 864 303 1718 370; baseline -0.007 0"><span class='ocrx_word' id='word_1_1' title='bbox 864 303 911 370; x_wconf 72' lang='lat' dir='ltr'><strong>Nr.</strong></span> <span class='ocrx_word' id='word_1_2' title='bbox 930 311 972 369; x_wconf 82' lang='grc'><strong>89.</strong></span> <span class='ocrx_word' id='word_1_3' title='bbox 991 315 1032 369; x_wconf 84' lang='grc'><strong>90.</strong></span> <span class='ocrx_word' id='word_1_4' title='bbox 1049 332 1074 370; x_wconf 78' lang='grc' dir='ltr'>ι</span> <span class='ocrx_word' id='word_1_5' title='bbox 1095 310 1163 368; x_wconf 80' lang='grc'><strong>1463</strong></span> <span class='ocrx_word' id='word_1_6' title='bbox 1187 310 1263 369; x_wconf 85' lang='grc'><strong>1464.</strong></span> <span class='ocrx_word' id='word_1_7' title='bbox 1667 304 1718 364; x_wconf 79' lang='lat' dir='ltr'><strong>les</strong></span> 
     </span>
    </p>
   </div>
   <div class='ocr_carea' id='block_1_2' title="bbox 406 458 1718 2322">
    <p class='ocr_par' dir='ltr' id='par_1_2' title="bbox 407 458 1717 903">
     <span class='ocr_line' id='line_1_2' title="bbox 409 458 1717 550; baseline 0.003 -23"><span class='ocrx_word' id='word_1_8' title='bbox 409 458 496 544; x_wconf 87' lang='lat' dir='ltr'><strong>quod</strong></span> <span class='ocrx_word' id='word_1_9' title='bbox 515 459 550 527; x_wconf 93' lang='lat' dir='ltr'><strong>in</strong></span> <span class='ocrx_word' id='word_1_10' title='bbox 568 468 726 546; x_wconf 88' lang='lat' dir='ltr'><strong>posterum</strong></span> <span class='ocrx_word' id='word_1_11' title='bbox 746 463 845 528; x_wconf 86' lang='lat' dir='ltr'><strong>nichil</strong></span> <span class='ocrx_word' id='word_1_12' title='bbox 865 464 969 530; x_wconf 88' lang='lat' dir='ltr'><strong>simile</strong></span> <span class='ocrx_word' id='word_1_13' title='bbox 988 463 1053 529; x_wconf 88' lang='lat' dir='ltr'><strong>fiat</strong></span> <span class='ocrx_word' id='word_1_14' title='bbox 1094 466 1198 550; x_wconf 83' lang='lat' dir='ltr'>Super</span> <span class='ocrx_word' id='word_1_15' title='bbox 1217 464 1333 545; x_wconf 89' lang='lat' dir='ltr'><strong>quibus</strong></span> <span class='ocrx_word' id='word_1_16' title='bbox 1354 464 1500 530; x_wconf 90' lang='lat' dir='ltr'><strong>omnibns</strong></span> <span class='ocrx_word' id='word_1_17' title='bbox 1526 471 1559 528; x_wconf 84' lang='lat' dir='ltr'><strong>et</strong></span> <span class='ocrx_word' id='word_1_18' title='bbox 1583 466 1717 550; x_wconf 87' lang='lat' dir='ltr'><strong>singulis</strong></span> 
     </span>
     <span class='ocr_line' id='line_1_3' title="bbox 409 552 1716 637; baseline 0.005 -21"><span class='ocrx_word' id='word_1_19' title='bbox 409 552 603 616; x_wconf 89' lang='lat' dir='ltr'><strong>venerabilis</strong></span> <span class='ocrx_word' id='word_1_20' title='bbox 621 554 762 637; x_wconf 85' lang='lat' dir='ltr'><strong>prefatus</strong></span> <span class='ocrx_word' id='word_1_21' title='bbox 782 553 869 636; x_wconf 93' lang='lat' dir='ltr'><strong>prior</strong></span> <span class='ocrx_word' id='word_1_22' title='bbox 888 559 921 617; x_wconf 88' lang='lat' dir='ltr'><strong>et</strong></span> <span class='ocrx_word' id='word_1_23' title='bbox 940 552 1003 635; x_wconf 92' lang='lat' dir='ltr'><strong>ipsi</strong></span> <span class='ocrx_word' id='word_1_24' title='bbox 1023 553 1235 636; x_wconf 80' lang='lat' dir='ltr'><strong>prenominati</strong></span> <span class='ocrx_word' id='word_1_25' title='bbox 1257 553 1351 616; x_wconf 88' lang='lat' dir='ltr'><strong>iurati</strong></span> <span class='ocrx_word' id='word_1_26' title='bbox 1373 571 1423 617; x_wconf 90' lang='lat' dir='ltr'><strong>me</strong></span> <span class='ocrx_word' id='word_1_27' title='bbox 1443 556 1599 620; x_wconf 90' lang='lat' dir='ltr'><strong>notarium</strong></span> <span class='ocrx_word' id='word_1_28' title='bbox 1621 557 1716 622; x_wconf 85' lang='lat' dir='ltr'><strong>intra·</strong></span> 
     </span>
     <span class='ocr_line' id='line_1_4' title="bbox 408 640 1717 729; baseline 0.004 -23"><span class='ocrx_word' id='word_1_29' title='bbox 408 642 562 726; x_wconf 89' lang='lat' dir='ltr'><strong>scriptum</strong></span> <span class='ocrx_word' id='word_1_30' title='bbox 582 641 693 706; x_wconf 89' lang='lat' dir='ltr'><strong>debita</strong></span> <span class='ocrx_word' id='word_1_31' title='bbox 716 659 786 706; x_wconf 89' lang='lat' dir='ltr'><strong>cum</strong></span> <span class='ocrx_word' id='word_1_32' title='bbox 807 641 967 706; x_wconf 76' lang='lat' dir='ltr'><strong>instancia</strong></span> <span class='ocrx_word' id='word_1_33' title='bbox 987 640 1197 722; x_wconf 86' lang='lat' dir='ltr'><strong>requisiemnt</strong></span> <span class='ocrx_word' id='word_1_34' title='bbox 1224 659 1262 705; x_wconf 89' lang='lat' dir='ltr'><strong>ac</strong></span> <span class='ocrx_word' id='word_1_35' title='bbox 1283 643 1454 725; x_wconf 89' lang='lat' dir='ltr'><strong>petierunt,</strong></span> <span class='ocrx_word' id='word_1_36' title='bbox 1478 649 1513 707; x_wconf 92' lang='lat' dir='ltr'><strong>ut</strong></span> <span class='ocrx_word' id='word_1_37' title='bbox 1538 645 1600 709; x_wconf 92' lang='lat' dir='ltr'><strong>sibi</strong></span> <span class='ocrx_word' id='word_1_38' title='bbox 1622 663 1717 729; x_wconf 91' lang='lat' dir='ltr'><strong>super</strong></span> 
     </span>
     <span class='ocr_line' id='line_1_5' title="bbox 409 729 1715 814; baseline 0.003 -21"><span class='ocrx_word' id='word_1_39' title='bbox 409 729 562 812; x_wconf 87' lang='lat' dir='ltr'><strong>predictis</strong></span> <span class='ocrx_word' id='word_1_40' title='bbox 589 749 627 794; x_wconf 86' lang='lat' dir='ltr'><strong>ac</strong></span> <span class='ocrx_word' id='word_1_41' title='bbox 652 732 803 806; x_wconf 80' lang='lat' dir='ltr'><strong>sanatis,</strong></span> <span class='ocrx_word' id='word_1_42' title='bbox 831 730 981 813; x_wconf 75' lang='lat' dir='ltr'><strong>quociens</strong></span> <span class='ocrx_word' id='word_1_43' title='bbox 1005 748 1086 812; x_wconf 89' lang='lat' dir='ltr'><strong>opus</strong></span> <span class='ocrx_word' id='word_1_44' title='bbox 1121 731 1216 796; x_wconf 84' lang='lat' dir='ltr'><strong>luerit</strong></span> <span class='ocrx_word' id='word_1_45' title='bbox 1245 737 1277 794; x_wconf 91' lang='lat' dir='ltr'><strong>et</strong></span> <span class='ocrx_word' id='word_1_46' title='bbox 1311 737 1513 814; x_wconf 88' lang='lat' dir='ltr'><strong>oportunum,</strong></span> <span class='ocrx_word' id='word_1_47' title='bbox 1542 751 1638 798; x_wconf 90' lang='lat' dir='ltr'><strong>unum</strong></span> <span class='ocrx_word' id='word_1_48' title='bbox 1664 734 1715 800; x_wconf 88' lang='lat' dir='ltr'><strong>vel</strong></span> 
     </span>
     <span class='ocr_line' id='line_1_6' title="bbox 407 818 1276 903; baseline 0 -20"><span class='ocrx_word' id='word_1_49' title='bbox 407 820 502 903; x_wconf 92' lang='lat' dir='ltr'><strong>plura</strong></span> <span class='ocrx_word' id='word_1_50' title='bbox 522 818 708 884; x_wconf 87' lang='lat' dir='ltr'><strong>conticerem</strong></span> <span class='ocrx_word' id='word_1_51' title='bbox 727 820 966 884; x_wconf 75' lang='lat' dir='ltr'><strong>instrumentum</strong></span> <span class='ocrx_word' id='word_1_52' title='bbox 987 818 1039 882; x_wconf 89' lang='lat' dir='ltr'><strong>vel</strong></span> <span class='ocrx_word' id='word_1_53' title='bbox 1059 818 1276 883; x_wconf 87' lang='lat' dir='ltr'><strong>instrumenta.</strong></span> 
     </span>
    </p>

    <p class='ocr_par' dir='ltr' id='par_1_3' title="bbox 406 905 1716 1260">
     <span class='ocr_line' id='line_1_7' title="bbox 490 905 1714 990; baseline 0.005 -18"><span class='ocrx_word' id='word_1_54' title='bbox 490 910 573 972; x_wconf 82' lang='lat' dir='ltr'><strong>Acta</strong></span> <span class='ocrx_word' id='word_1_55' title='bbox 589 915 662 972; x_wconf 89' lang='lat' dir='ltr'><strong>snut</strong></span> <span class='ocrx_word' id='word_1_56' title='bbox 680 908 740 973; x_wconf 90' lang='lat' dir='ltr'><strong>beo</strong></span> <span class='ocrx_word' id='word_1_57' title='bbox 762 910 796 973; x_wconf 91' lang='lat' dir='ltr'><strong>in</strong></span> <span class='ocrx_word' id='word_1_58' title='bbox 817 909 900 982; x_wconf 87' lang='lat' dir='ltr'><strong>loco,</strong></span> <span class='ocrx_word' id='word_1_59' title='bbox 921 926 1006 971; x_wconf 89' lang='lat' dir='ltr'><strong>anno</strong></span> <span class='ocrx_word' id='word_1_60' title='bbox 1025 905 1161 988; x_wconf 89' lang='lat' dir='ltr'><strong>domini,</strong></span> <span class='ocrx_word' id='word_1_61' title='bbox 1184 906 1372 988; x_wconf 84' lang='lat' dir='ltr'><strong>indictione,</strong></span> <span class='ocrx_word' id='word_1_62' title='bbox 1395 907 1462 989; x_wconf 88' lang='lat' dir='ltr'><strong>die,</strong></span> <span class='ocrx_word' id='word_1_63' title='bbox 1482 929 1607 990; x_wconf 88' lang='lat' dir='ltr'><strong>mense,</strong></span> <span class='ocrx_word' id='word_1_64' title='bbox 1628 912 1714 986; x_wconf 87' lang='lat' dir='ltr'><strong>hora,</strong></span> 
     </span>
     <span class='ocr_line' id='line_1_8' title="bbox 406 996 1715 1082; baseline 0.003 -20"><span class='ocrx_word' id='word_1_65' title='bbox 406 997 594 1080; x_wconf 89' lang='lat' dir='ltr'><strong>pontificatu</strong></span> <span class='ocrx_word' id='word_1_66' title='bbox 615 997 730 1079; x_wconf 88' lang='lat' dir='ltr'><strong>quibus</strong></span> <span class='ocrx_word' id='word_1_67' title='bbox 749 1017 861 1082; x_wconf 91' lang='lat' dir='ltr'><strong>supra,</strong></span> <span class='ocrx_word' id='word_1_68' title='bbox 888 996 1087 1080; x_wconf 82' lang='lat' dir='ltr'><strong>presentibus</strong></span> <span class='ocrx_word' id='word_1_69' title='bbox 1107 996 1227 1061; x_wconf 89' lang='lat' dir='ltr'><strong>ibidem</strong></span> <span class='ocrx_word' id='word_1_70' title='bbox 1246 996 1393 1062; x_wconf 91' lang='lat' dir='ltr'><strong>discretis</strong></span> <span class='ocrx_word' id='word_1_71' title='bbox 1412 998 1490 1062; x_wconf 92' lang='lat' dir='ltr'><strong>viris</strong></span> <span class='ocrx_word' id='word_1_72' title='bbox 1512 998 1600 1064; x_wconf 87' lang='lat' dir='ltr'><strong>Hans</strong></span> <span class='ocrx_word' id='word_1_73' title='bbox 1620 999 1715 1066; x_wconf 85' lang='lat' dir='ltr'><strong>Kale-</strong></span> 
     </span>
     <span class='ocr_line' id='line_1_9' title="bbox 408 1084 1716 1170; baseline 0.005 -19"><span class='ocrx_word' id='word_1_74' title='bbox 408 1087 548 1166; x_wconf 88' lang='lat' dir='ltr'><strong>meister,</strong></span> <span class='ocrx_word' id='word_1_75' title='bbox 570 1086 716 1152; x_wconf 84' lang='lat' dir='ltr'><strong>Conrado</strong></span> <span class='ocrx_word' id='word_1_76' title='bbox 727 1089 902 1152; x_wconf 88' lang='lat' dir='ltr'><strong>sacristano</strong></span> <span class='ocrx_word' id='word_1_77' title='bbox 921 1105 977 1169; x_wconf 93' lang='lat' dir='ltr'><strong>pro</strong></span> <span class='ocrx_word' id='word_1_78' title='bbox 999 1091 1074 1150; x_wconf 92' lang='lat' dir='ltr'><strong>tunc</strong></span> <span class='ocrx_word' id='word_1_79' title='bbox 1093 1084 1223 1167; x_wconf 85' lang='lat' dir='ltr'><strong>ibidem,</strong></span> <span class='ocrx_word' id='word_1_80' title='bbox 1247 1084 1290 1149; x_wconf 87' lang='lat' dir='ltr'><strong>ad</strong></span> <span class='ocrx_word' id='word_1_81' title='bbox 1311 1087 1370 1150; x_wconf 90' lang='lat' dir='ltr'><strong>boo</strong></span> <span class='ocrx_word' id='word_1_82' title='bbox 1390 1087 1574 1170; x_wconf 84' lang='lat' dir='ltr'><strong>specialiter</strong></span> <span class='ocrx_word' id='word_1_83' title='bbox 1593 1093 1716 1158; x_wconf 86' lang='lat' dir='ltr'><strong>voeatis</strong></span> 
     </span>
     <span class='ocr_line' id='line_1_10' title="bbox 407 1173 1714 1260; baseline 0.003 -20"><span class='ocrx_word' id='word_1_84' title='bbox 407 1182 442 1240; x_wconf 89' lang='lat' dir='ltr'><strong>et</strong></span> <span class='ocrx_word' id='word_1_85' title='bbox 459 1177 623 1257; x_wconf 84' lang='lat' dir='ltr'><strong>requisitis</strong></span> <span class='ocrx_word' id='word_1_86' title='bbox 641 1176 675 1239; x_wconf 93' lang='lat' dir='ltr'><strong>in</strong></span> <span class='ocrx_word' id='word_1_87' title='bbox 690 1175 903 1241; x_wconf 87' lang='lat' dir='ltr'><strong>testimonium</strong></span> <span class='ocrx_word' id='word_1_88' title='bbox 918 1180 950 1238; x_wconf 90' lang='lat' dir='ltr'><strong>et</strong></span> <span class='ocrx_word' id='word_1_89' title='bbox 965 1173 1059 1238; x_wconf 88' lang='lat' dir='ltr'><strong>lidern</strong></span> <span class='ocrx_word' id='word_1_90' title='bbox 1072 1174 1212 1240; x_wconf 88' lang='lat' dir='ltr'><strong>omniurn</strong></span> <span class='ocrx_word' id='word_1_91' title='bbox 1225 1180 1257 1238; x_wconf 93' lang='lat' dir='ltr'><strong>et</strong></span> <span class='ocrx_word' id='word_1_92' title='bbox 1273 1173 1467 1256; x_wconf 87' lang='lat' dir='ltr'><strong>singulorum</strong></span> <span class='ocrx_word' id='word_1_93' title='bbox 1482 1177 1714 1260; x_wconf 89' lang='lat' dir='ltr'><strong>premissorum.</strong></span> 
     </span>
    </p>

    <p class='ocr_par' dir='ltr' id='par_1_4' title="bbox 491 1262 818 1345">
     <span class='ocr_line' id='line_1_11' title="bbox 491 1262 818 1345; baseline 0.006 -20"><span class='ocrx_word' id='word_1_94' title='bbox 491 1262 818 1345; x_wconf 74' lang='lat' dir='ltr'><strong>(Notariatsseidrcu.)</strong></span> 
     </span>
    </p>

    <p class='ocr_par' dir='ltr' id='par_1_5' title="bbox 510 1351 1718 2322">
     <span class='ocr_line' id='line_1_12' title="bbox 561 1351 1717 1436; baseline 0.005 -19"><span class='ocrx_word' id='word_1_95' title='bbox 561 1353 603 1418; x_wconf 78' lang='lat' dir='ltr'><strong>nt</strong></span> <span class='ocrx_word' id='word_1_96' title='bbox 635 1373 696 1436; x_wconf 87' lang='lat' dir='ltr'><strong>ego</strong></span> <span class='ocrx_word' id='word_1_97' title='bbox 730 1353 878 1420; x_wconf 84' lang='lat' dir='ltr'><strong>Albertns</strong></span> <span class='ocrx_word' id='word_1_98' title='bbox 913 1351 1044 1431; x_wconf 88' lang='lat' dir='ltr'><strong>Kovoit,</strong></span> <span class='ocrx_word' id='word_1_99' title='bbox 1083 1352 1216 1417; x_wconf 90' lang='lat' dir='ltr'><strong>clericus</strong></span> <span class='ocrx_word' id='word_1_100' title='bbox 1255 1351 1534 1418; x_wconf 87' lang='lat' dir='ltr'><strong>Halberstadensis</strong></span> <span class='ocrx_word' id='word_1_101' title='bbox 1569 1353 1717 1424; x_wconf 74' lang='lat' dir='ltr'><strong>diocesis,</strong></span> 
     </span>
     <span class='ocr_line' id='line_1_13' title="bbox 512 1440 1716 1526; baseline 0.003 -20"><span class='ocrx_word' id='word_1_102' title='bbox 512 1442 656 1526; x_wconf 90' lang='lat' dir='ltr'><strong>publicus</strong></span> <span class='ocrx_word' id='word_1_103' title='bbox 685 1441 850 1526; x_wconf 88' lang='lat' dir='ltr'><strong>imperiale</strong></span> <span class='ocrx_word' id='word_1_104' title='bbox 870 1442 902 1520; x_wconf 85' lang='lat' dir='ltr'><strong>(l)</strong></span> <span class='ocrx_word' id='word_1_105' title='bbox 924 1441 1111 1506; x_wconf 88' lang='lat' dir='ltr'><strong>anctoritate</strong></span> <span class='ocrx_word' id='word_1_106' title='bbox 1139 1441 1298 1520; x_wconf 88' lang='lat' dir='ltr'><strong>notarius,</strong></span> <span class='ocrx_word' id='word_1_107' title='bbox 1326 1440 1402 1522; x_wconf 91' lang='lat' dir='ltr'><strong>qnia</strong></span> <span class='ocrx_word' id='word_1_108' title='bbox 1427 1441 1639 1524; x_wconf 86' lang='lat' dir='ltr'><strong>predictarum</strong></span> <span class='ocrx_word' id='word_1_109' title='bbox 1670 1447 1716 1510; x_wconf 90' lang='lat' dir='ltr'><strong>in-</strong></span> 
     </span>
     <span class='ocr_line' id='line_1_14' title="bbox 511 1528 1717 1615; baseline 0.003 -19"><span class='ocrx_word' id='word_1_110' title='bbox 511 1530 724 1615; x_wconf 80' lang='lat' dir='ltr'><strong>peticionibus</strong></span> <span class='ocrx_word' id='word_1_111' title='bbox 749 1538 781 1595; x_wconf 91' lang='lat' dir='ltr'><strong>et</strong></span> <span class='ocrx_word' id='word_1_112' title='bbox 813 1529 1071 1612; x_wconf 83' lang='lat' dir='ltr'><strong>responsionibus</strong></span> <span class='ocrx_word' id='word_1_113' title='bbox 1106 1528 1303 1610; x_wconf 89' lang='lat' dir='ltr'><strong>aliarumque</strong></span> <span class='ocrx_word' id='word_1_114' title='bbox 1334 1529 1515 1593; x_wconf 88' lang='lat' dir='ltr'><strong>libertatum</strong></span> <span class='ocrx_word' id='word_1_115' title='bbox 1549 1533 1717 1601; x_wconf 80' lang='lat' dir='ltr'><strong>occasione</strong></span> 
     </span>
     <span class='ocr_line' id='line_1_15' title="bbox 511 1617 1718 1704; baseline 0.002 -20"><span class='ocrx_word' id='word_1_116' title='bbox 511 1619 604 1685; x_wconf 89' lang='lat' dir='ltr'><strong>unius</strong></span> <span class='ocrx_word' id='word_1_117' title='bbox 621 1620 707 1686; x_wconf 89' lang='lat' dir='ltr'><strong>curie</strong></span> <span class='ocrx_word' id='word_1_118' title='bbox 720 1619 809 1703; x_wconf 93' lang='lat' dir='ltr'><strong>opidi</strong></span> <span class='ocrx_word' id='word_1_119' title='bbox 824 1619 857 1683; x_wconf 93' lang='lat' dir='ltr'><strong>in</strong></span> <span class='ocrx_word' id='word_1_120' title='bbox 867 1617 1017 1683; x_wconf 88' lang='lat' dir='ltr'><strong>Hadeber</strong></span> <span class='ocrx_word' id='word_1_121' title='bbox 1033 1617 1242 1700; x_wconf 86' lang='lat' dir='ltr'><strong>omnibusque</strong></span> <span class='ocrx_word' id='word_1_122' title='bbox 1258 1617 1332 1682; x_wconf 85' lang='lat' dir='ltr'><strong>aliis</strong></span> <span class='ocrx_word' id='word_1_123' title='bbox 1345 1626 1377 1683; x_wconf 90' lang='lat' dir='ltr'><strong>et</strong></span> <span class='ocrx_word' id='word_1_124' title='bbox 1393 1618 1528 1699; x_wconf 89' lang='lat' dir='ltr'><strong>singulis</strong></span> <span class='ocrx_word' id='word_1_125' title='bbox 1543 1623 1718 1704; x_wconf 88' lang='lat' dir='ltr'><strong>premissis,</strong></span> 
     </span>
     <span class='ocr_line' id='line_1_16' title="bbox 510 1707 1717 1794; baseline 0.004 -21"><span class='ocrx_word' id='word_1_126' title='bbox 510 1708 586 1775; x_wconf 92' lang='lat' dir='ltr'><strong>dum</strong></span> <span class='ocrx_word' id='word_1_127' title='bbox 606 1711 687 1775; x_wconf 90' lang='lat' dir='ltr'><strong>sicut</strong></span> <span class='ocrx_word' id='word_1_128' title='bbox 709 1709 902 1794; x_wconf 86' lang='lat' dir='ltr'><strong>premittitur</strong></span> <span class='ocrx_word' id='word_1_129' title='bbox 922 1707 1033 1772; x_wconf 84' lang='lat' dir='ltr'><strong>tierent</strong></span> <span class='ocrx_word' id='word_1_130' title='bbox 1053 1713 1086 1772; x_wconf 90' lang='lat' dir='ltr'><strong>et</strong></span> <span class='ocrx_word' id='word_1_131' title='bbox 1104 1713 1288 1789; x_wconf 86' lang='lat' dir='ltr'><strong>agerentur,</strong></span> <span class='ocrx_word' id='word_1_132' title='bbox 1313 1725 1467 1773; x_wconf 88' lang='lat' dir='ltr'><strong>unacum</strong></span> <span class='ocrx_word' id='word_1_133' title='bbox 1487 1710 1717 1793; x_wconf 82' lang='lat' dir='ltr'><strong>prenominatis</strong></span> 
     </span>
     <span class='ocr_line' id='line_1_17' title="bbox 512 1789 1717 1883; baseline 0.003 -19"><span class='ocrx_word' id='word_1_134' title='bbox 512 1793 803 1882; x_wconf 76' lang='lat' dir='ltr'><strong>testibus‘presens</strong></span> <span class='ocrx_word' id='word_1_135' title='bbox 830 1789 956 1860; x_wconf 83' lang='lat' dir='ltr'><strong>inte‘riui</strong></span> <span class='ocrx_word' id='word_1_136' title='bbox 985 1815 1086 1877; x_wconf 86' lang='lat' dir='ltr'><strong>esque</strong></span> <span class='ocrx_word' id='word_1_137' title='bbox 1111 1797 1159 1860; x_wconf 90' lang='lat' dir='ltr'><strong>sic</strong></span> <span class='ocrx_word' id='word_1_138' title='bbox 1184 1795 1251 1860; x_wconf 92' lang='lat' dir='ltr'><strong>vidi</strong></span> <span class='ocrx_word' id='word_1_139' title='bbox 1279 1799 1310 1860; x_wconf 93' lang='lat' dir='ltr'><strong>et</strong></span> <span class='ocrx_word' id='word_1_140' title='bbox 1336 1795 1445 1860; x_wconf 89' lang='lat' dir='ltr'><strong>audivi</strong></span> <span class='ocrx_word' id='word_1_141' title='bbox 1470 1795 1553 1878; x_wconf 89' lang='lat' dir='ltr'><strong>fieri,</strong></span> <span class='ocrx_word' id='word_1_142' title='bbox 1583 1801 1717 1883; x_wconf 88' lang='lat' dir='ltr'><strong>ideoque</strong></span> 
     </span>
     <span class='ocr_line' id='line_1_18' title="bbox 511 1884 1718 1974; baseline 0.002 -21"><span class='ocrx_word' id='word_1_143' title='bbox 511 1905 641 1972; x_wconf 89' lang='lat' dir='ltr'><strong>presens</strong></span> <span class='ocrx_word' id='word_1_144' title='bbox 667 1886 827 1969; x_wconf 89' lang='lat' dir='ltr'><strong>publicum</strong></span> <span class='ocrx_word' id='word_1_145' title='bbox 854 1885 1112 1965; x_wconf 89' lang='lat' dir='ltr'><strong>instrumentum,</strong></span> <span class='ocrx_word' id='word_1_146' title='bbox 1139 1903 1190 1948; x_wconf 91' lang='lat' dir='ltr'><strong>me</strong></span> <span class='ocrx_word' id='word_1_147' title='bbox 1215 1884 1288 1948; x_wconf 85' lang='lat' dir='ltr'><strong>aliis</strong></span> <span class='ocrx_word' id='word_1_148' title='bbox 1314 1884 1455 1966; x_wconf 87' lang='lat' dir='ltr'><strong>negociis</strong></span> <span class='ocrx_word' id='word_1_149' title='bbox 1480 1885 1637 1970; x_wconf 89' lang='lat' dir='ltr'><strong>inpedito,</strong></span> <span class='ocrx_word' id='word_1_150' title='bbox 1660 1909 1718 1974; x_wconf 89' lang='lat' dir='ltr'><strong>per</strong></span> 
     </span>
     <span class='ocr_line' id='line_1_19' title="bbox 513 1973 1717 2054; baseline 0.002 -12"><span class='ocrx_word' id='word_1_151' title='bbox 513 1977 610 2042; x_wconf 91' lang='lat' dir='ltr'><strong>alium</strong></span> <span class='ocrx_word' id='word_1_152' title='bbox 636 1974 760 2040; x_wconf 84' lang='lat' dir='ltr'><strong>fidelem</strong></span> <span class='ocrx_word' id='word_1_153' title='bbox 792 1975 888 2040; x_wconf 85' lang='lat' dir='ltr'><strong>scribi</strong></span> <span class='ocrx_word' id='word_1_154' title='bbox 915 1974 991 2054; x_wconf 84' lang='lat' dir='ltr'><strong>leci,</strong></span> <span class='ocrx_word' id='word_1_155' title='bbox 1025 1992 1075 2037; x_wconf 91' lang='lat' dir='ltr'><strong>me</strong></span> <span class='ocrx_word' id='word_1_156' title='bbox 1103 1973 1306 2038; x_wconf 88' lang='lat' dir='ltr'><strong>subscribens</strong></span> <span class='ocrx_word' id='word_1_157' title='bbox 1334 1973 1450 2039; x_wconf 85' lang='lat' dir='ltr'><strong>exinde</strong></span> <span class='ocrx_word' id='word_1_158' title='bbox 1478 1977 1597 2042; x_wconf 84' lang='lat' dir='ltr'><strong>conieci</strong></span> <span class='ocrx_word' id='word_1_159' title='bbox 1625 1985 1657 2044; x_wconf 89' lang='lat' dir='ltr'><strong>et</strong></span> <span class='ocrx_word' id='word_1_160' title='bbox 1684 1981 1717 2045; x_wconf 92' lang='lat' dir='ltr'><strong>in</strong></span> 
     </span>
     <span class='ocr_line' id='line_1_20' title="bbox 511 2063 1717 2149; baseline 0.004 -20"><span class='ocrx_word' id='word_1_161' title='bbox 511 2066 595 2130; x_wconf 91' lang='lat' dir='ltr'><strong>hanc</strong></span> <span class='ocrx_word' id='word_1_162' title='bbox 614 2064 776 2149; x_wconf 92' lang='lat' dir='ltr'><strong>publicam</strong></span> <span class='ocrx_word' id='word_1_163' title='bbox 795 2065 928 2129; x_wconf 83' lang='lat' dir='ltr'><strong>formam</strong></span> <span class='ocrx_word' id='word_1_164' title='bbox 950 2063 1058 2145; x_wconf 81' lang='lat' dir='ltr'><strong>redegi</strong></span> <span class='ocrx_word' id='word_1_165' title='bbox 1079 2063 1233 2144; x_wconf 89' lang='lat' dir='ltr'><strong>signoque</strong></span> <span class='ocrx_word' id='word_1_166' title='bbox 1260 2070 1291 2127; x_wconf 90' lang='lat' dir='ltr'><strong>et</strong></span> <span class='ocrx_word' id='word_1_167' title='bbox 1312 2063 1437 2128; x_wconf 90' lang='lat' dir='ltr'><strong>nomine</strong></span> <span class='ocrx_word' id='word_1_168' title='bbox 1464 2065 1545 2130; x_wconf 89' lang='lat' dir='ltr'><strong>meis</strong></span> <span class='ocrx_word' id='word_1_169' title='bbox 1563 2067 1666 2133; x_wconf 89' lang='lat' dir='ltr'><strong>solitis</strong></span> <span class='ocrx_word' id='word_1_170' title='bbox 1686 2075 1717 2134; x_wconf 92' lang='lat' dir='ltr'><strong>et</strong></span> 
     </span>
     <span class='ocr_line' id='line_1_21' title="bbox 513 2149 1717 2234; baseline 0.002 -15"><span class='ocrx_word' id='word_1_171' title='bbox 513 2155 670 2219; x_wconf 88' lang='lat' dir='ltr'><strong>consuetis</strong></span> <span class='ocrx_word' id='word_1_172' title='bbox 691 2152 833 2234; x_wconf 82' lang='lat' dir='ltr'><strong>signavi,</strong></span> <span class='ocrx_word' id='word_1_173' title='bbox 859 2159 988 2232; x_wconf 89' lang='lat' dir='ltr'><strong>rogatus</strong></span> <span class='ocrx_word' id='word_1_174' title='bbox 1014 2159 1047 2215; x_wconf 91' lang='lat' dir='ltr'><strong>et</strong></span> <span class='ocrx_word' id='word_1_175' title='bbox 1074 2151 1245 2233; x_wconf 89' lang='lat' dir='ltr'><strong>requisitus</strong></span> <span class='ocrx_word' id='word_1_176' title='bbox 1271 2151 1303 2214; x_wconf 93' lang='lat' dir='ltr'><strong>in</strong></span> <span class='ocrx_word' id='word_1_177' title='bbox 1325 2149 1418 2216; x_wconf 84' lang='lat' dir='ltr'><strong>fidem</strong></span> <span class='ocrx_word' id='word_1_178' title='bbox 1446 2159 1477 2217; x_wconf 89' lang='lat' dir='ltr'><strong>et</strong></span> <span class='ocrx_word' id='word_1_179' title='bbox 1506 2155 1717 2222; x_wconf 89' lang='lat' dir='ltr'><strong>testimonium</strong></span> 
     </span>
     <span class='ocr_line' id='line_1_22' title="bbox 512 2240 1171 2322; baseline -0.009 -14"><span class='ocrx_word' id='word_1_180' title='bbox 512 2244 651 2308; x_wconf 91' lang='lat' dir='ltr'><strong>omnium</strong></span> <span class='ocrx_word' id='word_1_181' title='bbox 671 2248 703 2306; x_wconf 92' lang='lat' dir='ltr'><strong>et</strong></span> <span class='ocrx_word' id='word_1_182' title='bbox 723 2240 918 2322; x_wconf 88' lang='lat' dir='ltr'><strong>singulorum</strong></span> <span class='ocrx_word' id='word_1_183' title='bbox 940 2240 1171 2322; x_wconf 76' lang='lat' dir='ltr'><strong>premissorum,</strong></span> 
     </span>
    </p>
   </div>
   <div class='ocr_carea' id='block_1_3' title="bbox 415 2353 1718 2497">
    <p class='ocr_par' dir='ltr' id='par_1_6' title="bbox 415 2353 1718 2497">
     <span class='ocr_line' id='line_1_23' title="bbox 415 2353 1718 2497; baseline 0.002 -84"><span class='ocrx_word' id='word_1_184' title='bbox 415 2359 605 2497; x_wconf 46' lang='lat' dir='ltr'><strong>wrm</strong></span> <span class='ocrx_word' id='word_1_185' title='bbox 616 2363 696 2411; x_wconf 79' lang='lat' dir='ltr'><strong>anter</strong></span> <span class='ocrx_word' id='word_1_186' title='bbox 718 2355 799 2408; x_wconf 80' lang='lat' dir='ltr'><strong>Urlcle.</strong></span> <span class='ocrx_word' id='word_1_187' title='bbox 822 2353 868 2408; x_wconf 83' lang='lat' dir='ltr'><strong>des</strong></span> <span class='ocrx_word' id='word_1_188' title='bbox 885 2353 937 2408; x_wconf 84' lang='lat' dir='ltr'><strong>Kl.</strong></span> <span class='ocrx_word' id='word_1_189' title='bbox 956 2353 1142 2408; x_wconf 77' lang='lat' dir='ltr'><strong>Micbuctsteirr</strong></span> <span class='ocrx_word' id='word_1_190' title='bbox 1168 2354 1206 2407; x_wconf 85' lang='lat' dir='ltr'><strong>im</strong></span> <span class='ocrx_word' id='word_1_191' title='bbox 1229 2355 1338 2424; x_wconf 72' lang='lat' dir='ltr'><strong>luerropl.</strong></span> <span class='ocrx_word' id='word_1_192' title='bbox 1360 2355 1660 2426; x_wconf 69' lang='lat' dir='ltr'><strong>Iaerndeabuupturcbire</strong></span> <span class='ocrx_word' id='word_1_193' title='bbox 1683 2379 1718 2415; x_wconf 74' lang='lat' dir='ltr'><strong>aa</strong></span> 
     </span>
    </p>
   </div>
   <div class='ocr_carea' id='block_1_4' title="bbox 409 2557 1716 2696">
    <p class='ocr_par' dir='ltr' id='par_1_7' title="bbox 409 2557 1716 2696">
     <span class='ocr_line' id='line_1_24' title="bbox 409 2557 1716 2696; baseline 0.005 -19"><span class='ocrx_word' id='word_1_194' title='bbox 409 2594 531 2677; x_wconf 81' lang='grc'><strong>1464.</strong></span> <span class='ocrx_word' id='word_1_195' title='bbox 557 2594 808 2696; x_wconf 83' lang='lat' dir='ltr'><strong>September</strong></span> <span class='ocrx_word' id='word_1_196' title='bbox 825 2592 884 2674; x_wconf 79' lang='lat'><strong>12.</strong></span> <span class='ocrx_word' id='word_1_197' title='bbox 922 2557 1243 2689; x_wconf 71' lang='lat' dir='ltr'><strong>ll&#39;ernlgerode.</strong></span> <span class='ocrx_word' id='word_1_198' title='bbox 1648 2601 1716 2684; x_wconf 80' lang='lat'><strong>90.</strong></span> 
     </span>
    </p>
   </div>
   <div class='ocr_carea' id='block_1_5' title="bbox 514 2727 1718 2808">
    <p class='ocr_par' dir='ltr' id='par_1_8' title="bbox 514 2727 1718 2808">
     <span class='ocr_line' id='line_1_25' title="bbox 514 2727 1718 2808; baseline 0.003 -14"><span class='ocrx_word' id='word_1_199' title='bbox 514 2730 867 2794; x_wconf 77' lang='lat' dir='ltr'><strong>Notariatsirrstrumcat</strong></span> <span class='ocrx_word' id='word_1_200' title='bbox 885 2727 961 2791; x_wconf 80' lang='lat' dir='ltr'><strong>iiber</strong></span> <span class='ocrx_word' id='word_1_201' title='bbox 981 2728 1032 2791; x_wconf 80' lang='lat' dir='ltr'><strong>die</strong></span> <span class='ocrx_word' id='word_1_202' title='bbox 1052 2727 1238 2808; x_wconf 74' lang='lat' dir='ltr'><strong>Sebenkuup</strong></span> <span class='ocrx_word' id='word_1_203' title='bbox 1258 2727 1313 2790; x_wconf 78' lang='lat' dir='ltr'><strong>(ier</strong></span> <span class='ocrx_word' id='word_1_204' title='bbox 1335 2727 1447 2792; x_wconf 72' lang='lat' dir='ltr'><strong>uirtute</strong></span> <span class='ocrx_word' id='word_1_205' title='bbox 1471 2749 1513 2794; x_wconf 76' lang='lat' dir='ltr'><strong>au</strong></span> <span class='ocrx_word' id='word_1_206' title='bbox 1537 2731 1718 2799; x_wconf 67' lang='grc'><strong>(1111116166-</strong></span> 
     </span>
    </p>
   </div>
   <div class='ocr_carea' id='block_1_6' title="bbox 513 2823 1720 3005">
    <p class='ocr_par' dir='ltr' id='par_1_9' title="bbox 513 2823 1720 3005">
     <span class='ocr_line' id='line_1_26' title="bbox 513 2823 1720 2906; baseline 0.006 -15"><span class='ocrx_word' id='word_1_207' title='bbox 513 2829 588 2891; x_wconf 84' lang='lat' dir='ltr'><strong>rode</strong></span> <span class='ocrx_word' id='word_1_208' title='bbox 627 2829 740 2891; x_wconf 78' lang='lat' dir='ltr'><strong>scitans</strong></span> <span class='ocrx_word' id='word_1_209' title='bbox 774 2827 829 2890; x_wconf 84' lang='lat' dir='ltr'><strong>des</strong></span> <span class='ocrx_word' id='word_1_210' title='bbox 861 2823 1013 2888; x_wconf 75' lang='lat' dir='ltr'><strong>Riestcrs</strong></span> <span class='ocrx_word' id='word_1_211' title='bbox 1039 2823 1191 2906; x_wconf 67' lang='lat' dir='ltr'><strong>Hecatae</strong></span> <span class='ocrx_word' id='word_1_212' title='bbox 1224 2824 1388 2890; x_wconf 78' lang='lat' dir='ltr'><strong>Grarrbase</strong></span> <span class='ocrx_word' id='word_1_213' title='bbox 1423 2848 1467 2890; x_wconf 84' lang='lat' dir='ltr'><strong>uo</strong></span> <span class='ocrx_word' id='word_1_214' title='bbox 1497 2829 1556 2892; x_wconf 83' lang='lat' dir='ltr'><strong>dus</strong></span> <span class='ocrx_word' id='word_1_215' title='bbox 1588 2831 1628 2894; x_wconf 88' lang='lat' dir='ltr'><strong><em>K</em></strong></span> <span class='ocrx_word' id='word_1_216' title='bbox 1630 2831 1720 2898; x_wconf 79' lang='lat' dir='ltr'><strong>oster</strong></span> 
     </span>
     <span class='ocr_line' id='line_1_27' title="bbox 513 2924 781 3005; baseline -0.011 -17"><span class='ocrx_word' id='word_1_217' title='bbox 513 2924 781 3005; x_wconf 77' lang='lat' dir='ltr'><strong>Himcaelpfortca.</strong></span> 
     </span>
    </p>
   </div>
   <div class='ocr_carea' id='block_1_7' title="bbox 411 3037 1724 4614">
    <p class='ocr_par' dir='ltr' id='par_1_10' title="bbox 411 3037 1724 4544">
     <span class='ocr_line' id='line_1_28' title="bbox 494 3037 1721 3109; baseline 0.004 -5"><span class='ocrx_word' id='word_1_218' title='bbox 494 3041 531 3104; x_wconf 94' lang='lat' dir='ltr'><strong>In</strong></span> <span class='ocrx_word' id='word_1_219' title='bbox 564 3041 690 3105; x_wconf 91' lang='lat' dir='ltr'><strong>nomine</strong></span> <span class='ocrx_word' id='word_1_220' title='bbox 715 3038 836 3104; x_wconf 91' lang='lat' dir='ltr'><strong>domini</strong></span> <span class='ocrx_word' id='word_1_221' title='bbox 863 3057 965 3103; x_wconf 86' lang='lat' dir='ltr'><strong>aureo.</strong></span> <span class='ocrx_word' id='word_1_222' title='bbox 1013 3037 1106 3102; x_wconf 85' lang='lat' dir='ltr'><strong>Anno</strong></span> <span class='ocrx_word' id='word_1_223' title='bbox 1139 3056 1160 3100; x_wconf 89' lang='lat' dir='ltr'><strong>a</strong></span> <span class='ocrx_word' id='word_1_224' title='bbox 1186 3037 1354 3104; x_wconf 88' lang='lat' dir='ltr'><strong>nativitate</strong></span> <span class='ocrx_word' id='word_1_225' title='bbox 1385 3037 1525 3106; x_wconf 90' lang='lat' dir='ltr'><strong>eiusdem</strong></span> <span class='ocrx_word' id='word_1_226' title='bbox 1554 3042 1721 3109; x_wconf 90' lang='lat' dir='ltr'><strong>millesimo</strong></span> 
     </span>
     <span class='ocr_line' id='line_1_29' title="bbox 412 3125 1720 3214; baseline 0.005 -20"><span class='ocrx_word' id='word_1_227' title='bbox 412 3129 725 3214; x_wconf 89' lang='lat' dir='ltr'><strong>quadringentesimo</strong></span> <span class='ocrx_word' id='word_1_228' title='bbox 746 3127 945 3207; x_wconf 83' lang='lat' dir='ltr'><strong>sexagesimo</strong></span> <span class='ocrx_word' id='word_1_229' title='bbox 967 3133 1088 3207; x_wconf 86' lang='lat' dir='ltr'><strong>quarto,</strong></span> <span class='ocrx_word' id='word_1_230' title='bbox 1111 3125 1284 3191; x_wconf 89' lang='lat' dir='ltr'><strong>indictione</strong></span> <span class='ocrx_word' id='word_1_231' title='bbox 1300 3126 1497 3210; x_wconf 89' lang='lat' dir='ltr'><strong>duodecima,</strong></span> <span class='ocrx_word' id='word_1_232' title='bbox 1519 3131 1720 3213; x_wconf 83' lang='lat' dir='ltr'><strong>pontificatus</strong></span> 
     </span>
     <span class='ocr_line' id='line_1_30' title="bbox 412 3213 1720 3305; baseline 0.002 -22"><span class='ocrx_word' id='word_1_233' title='bbox 412 3217 609 3283; x_wconf 82' lang='lat' dir='ltr'><strong>sanctissimi</strong></span> <span class='ocrx_word' id='word_1_234' title='bbox 628 3217 661 3280; x_wconf 91' lang='lat' dir='ltr'><strong>in</strong></span> <span class='ocrx_word' id='word_1_235' title='bbox 677 3217 802 3282; x_wconf 84' lang='lat' dir='ltr'><strong>Christo</strong></span> <span class='ocrx_word' id='word_1_236' title='bbox 822 3215 924 3300; x_wconf 92' lang='lat' dir='ltr'><strong>patris</strong></span> <span class='ocrx_word' id='word_1_237' title='bbox 943 3222 975 3279; x_wconf 90' lang='lat' dir='ltr'><strong>et</strong></span> <span class='ocrx_word' id='word_1_238' title='bbox 995 3213 1115 3278; x_wconf 92' lang='lat' dir='ltr'><strong>domini</strong></span> <span class='ocrx_word' id='word_1_239' title='bbox 1142 3215 1240 3278; x_wconf 87' lang='lat' dir='ltr'><strong>nostri</strong></span> <span class='ocrx_word' id='word_1_240' title='bbox 1267 3214 1389 3279; x_wconf 88' lang='lat' dir='ltr'><strong>domini</strong></span> <span class='ocrx_word' id='word_1_241' title='bbox 1406 3216 1497 3282; x_wconf 90' lang='lat' dir='ltr'><strong>Pauli</strong></span> <span class='ocrx_word' id='word_1_242' title='bbox 1519 3218 1629 3284; x_wconf 87' lang='lat' dir='ltr'><strong>divina</strong></span> <span class='ocrx_word' id='word_1_243' title='bbox 1650 3241 1720 3305; x_wconf 93' lang='lat' dir='ltr'><strong>pro-</strong></span> 
     </span>
     <span class='ocr_line' id='line_1_31' title="bbox 411 3303 1720 3389; baseline 0.002 -17"><span class='ocrx_word' id='word_1_244' title='bbox 411 3308 564 3372; x_wconf 89' lang='lat' dir='ltr'><strong>videncia</strong></span> <span class='ocrx_word' id='word_1_245' title='bbox 584 3325 666 3389; x_wconf 88' lang='lat' dir='ltr'><strong>pape</strong></span> <span class='ocrx_word' id='word_1_246' title='bbox 688 3305 833 3384; x_wconf 91' lang='lat' dir='ltr'><strong>secundi,</strong></span> <span class='ocrx_word' id='word_1_247' title='bbox 860 3324 943 3369; x_wconf 90' lang='lat' dir='ltr'><strong>anno</strong></span> <span class='ocrx_word' id='word_1_248' title='bbox 972 3304 1040 3368; x_wconf 90' lang='lat' dir='ltr'><strong>eius</strong></span> <span class='ocrx_word' id='word_1_249' title='bbox 1062 3303 1179 3386; x_wconf 88' lang='lat' dir='ltr'><strong>primo,</strong></span> <span class='ocrx_word' id='word_1_250' title='bbox 1207 3303 1260 3368; x_wconf 91' lang='lat' dir='ltr'><strong>die</strong></span> <span class='ocrx_word' id='word_1_251' title='bbox 1281 3322 1356 3368; x_wconf 92' lang='lat' dir='ltr'><strong>vero</strong></span> <span class='ocrx_word' id='word_1_252' title='bbox 1379 3305 1511 3370; x_wconf 86' lang='lat' dir='ltr'><strong>Veneris</strong></span> <span class='ocrx_word' id='word_1_253' title='bbox 1531 3307 1720 3375; x_wconf 89' lang='lat' dir='ltr'><strong>duodecima</strong></span> 
     </span>
     <span class='ocr_line' id='line_1_32' title="bbox 412 3391 1720 3480; baseline 0.003 -21"><span class='ocrx_word' id='word_1_254' title='bbox 412 3397 533 3460; x_wconf 88' lang='lat' dir='ltr'><strong>mensis</strong></span> <span class='ocrx_word' id='word_1_255' title='bbox 561 3395 756 3478; x_wconf 79' lang='lat' dir='ltr'><strong>Septembris</strong></span> <span class='ocrx_word' id='word_1_256' title='bbox 789 3394 867 3458; x_wconf 90' lang='lat' dir='ltr'><strong>bora</strong></span> <span class='ocrx_word' id='word_1_257' title='bbox 895 3412 1047 3457; x_wconf 89' lang='lat' dir='ltr'><strong>nonarum</strong></span> <span class='ocrx_word' id='word_1_258' title='bbox 1071 3391 1123 3457; x_wconf 92' lang='lat' dir='ltr'><strong>vel</strong></span> <span class='ocrx_word' id='word_1_259' title='bbox 1148 3393 1239 3474; x_wconf 89' lang='lat' dir='ltr'><strong>quasi</strong></span> <span class='ocrx_word' id='word_1_260' title='bbox 1271 3392 1304 3456; x_wconf 91' lang='lat' dir='ltr'><strong>in</strong></span> <span class='ocrx_word' id='word_1_261' title='bbox 1336 3394 1455 3478; x_wconf 91' lang='lat' dir='ltr'><strong>oppido</strong></span> <span class='ocrx_word' id='word_1_262' title='bbox 1482 3396 1720 3480; x_wconf 87' lang='lat' dir='ltr'><strong>Werningrode,</strong></span> 
     </span>
     <span class='ocr_line' id='line_1_33' title="bbox 412 3481 1719 3569; baseline 0.002 -20"><span class='ocrx_word' id='word_1_263' title='bbox 412 3483 693 3550; x_wconf 85' lang='lat' dir='ltr'><strong>Halberstadensis</strong></span> <span class='ocrx_word' id='word_1_264' title='bbox 713 3483 858 3563; x_wconf 88' lang='lat' dir='ltr'><strong>diocesis,</strong></span> <span class='ocrx_word' id='word_1_265' title='bbox 879 3482 911 3546; x_wconf 92' lang='lat' dir='ltr'><strong>in</strong></span> <span class='ocrx_word' id='word_1_266' title='bbox 933 3483 1071 3546; x_wconf 87' lang='lat' dir='ltr'><strong>estuario</strong></span> <span class='ocrx_word' id='word_1_267' title='bbox 1092 3483 1161 3546; x_wconf 89' lang='lat' dir='ltr'><strong>sive</strong></span> <span class='ocrx_word' id='word_1_268' title='bbox 1182 3481 1276 3545; x_wconf 88' lang='lat' dir='ltr'><strong>stuba</strong></span> <span class='ocrx_word' id='word_1_269' title='bbox 1290 3482 1402 3547; x_wconf 89' lang='lat' dir='ltr'><strong>domus</strong></span> <span class='ocrx_word' id='word_1_270' title='bbox 1416 3483 1626 3550; x_wconf 84' lang='lat' dir='ltr'><strong>habitacionis</strong></span> <span class='ocrx_word' id='word_1_271' title='bbox 1639 3507 1719 3569; x_wconf 89' lang='lat' dir='ltr'><strong>mee,</strong></span> 
     </span>
     <span class='ocr_line' id='line_1_34' title="bbox 413 3570 1722 3658; baseline 0.002 -20"><span class='ocrx_word' id='word_1_272' title='bbox 413 3576 448 3639; x_wconf 94' lang='lat' dir='ltr'><strong>in</strong></span> <span class='ocrx_word' id='word_1_273' title='bbox 468 3574 542 3649; x_wconf 88' lang='lat' dir='ltr'><strong>mei,</strong></span> <span class='ocrx_word' id='word_1_274' title='bbox 564 3573 679 3638; x_wconf 85' lang='lat' dir='ltr'><strong>notarii</strong></span> <span class='ocrx_word' id='word_1_275' title='bbox 704 3573 824 3655; x_wconf 92' lang='lat' dir='ltr'><strong>publici</strong></span> <span class='ocrx_word' id='word_1_276' title='bbox 850 3570 1035 3654; x_wconf 89' lang='lat' dir='ltr'><strong>subscripti,</strong></span> <span class='ocrx_word' id='word_1_277' title='bbox 1061 3575 1094 3634; x_wconf 94' lang='lat' dir='ltr'><strong>et</strong></span> <span class='ocrx_word' id='word_1_278' title='bbox 1118 3571 1244 3635; x_wconf 89' lang='lat' dir='ltr'><strong>testium</strong></span> <span class='ocrx_word' id='word_1_279' title='bbox 1265 3570 1534 3654; x_wconf 88' lang='lat' dir='ltr'><strong>inl&#39;raseriptorum</strong></span> <span class='ocrx_word' id='word_1_280' title='bbox 1556 3577 1722 3658; x_wconf 89' lang='lat' dir='ltr'><strong>presencia</strong></span> 
     </span>
     <span class='ocr_line' id='line_1_35' title="bbox 413 3659 1721 3746; baseline 0.001 -18"><span class='ocrx_word' id='word_1_281' title='bbox 413 3663 624 3746; x_wconf 86' lang='lat' dir='ltr'><strong>personaliter</strong></span> <span class='ocrx_word' id='word_1_282' title='bbox 651 3663 838 3726; x_wconf 90' lang='lat' dir='ltr'><strong>constitutus</strong></span> <span class='ocrx_word' id='word_1_283' title='bbox 866 3660 1061 3723; x_wconf 88' lang='lat' dir='ltr'><strong>honorabilis</strong></span> <span class='ocrx_word' id='word_1_284' title='bbox 1091 3665 1124 3723; x_wconf 88' lang='grc'><strong>61</strong></span> <span class='ocrx_word' id='word_1_285' title='bbox 1156 3659 1215 3724; x_wconf 90' lang='lat' dir='ltr'><strong>deo</strong></span> <span class='ocrx_word' id='word_1_286' title='bbox 1242 3659 1374 3724; x_wconf 88' lang='lat' dir='ltr'><strong>devotus</strong></span> <span class='ocrx_word' id='word_1_287' title='bbox 1400 3660 1548 3726; x_wconf 88' lang='lat' dir='ltr'><strong>sacerdos</strong></span> <span class='ocrx_word' id='word_1_288' title='bbox 1575 3662 1721 3729; x_wconf 92' lang='lat' dir='ltr'><strong>dominus</strong></span> 
     </span>
     <span class='ocr_line' id='line_1_36' title="bbox 413 3749 1722 3834; baseline 0.002 -20"><span class='ocrx_word' id='word_1_289' title='bbox 413 3750 627 3832; x_wconf 88' lang='lat' dir='ltr'><strong>Henningbus</strong></span> <span class='ocrx_word' id='word_1_290' title='bbox 639 3750 782 3816; x_wconf 85' lang='lat' dir='ltr'><strong>Grabose</strong></span> <span class='ocrx_word' id='word_1_291' title='bbox 797 3749 924 3834; x_wconf 93' lang='lat' dir='ltr'><strong>proprio</strong></span> <span class='ocrx_word' id='word_1_292' title='bbox 944 3749 1036 3813; x_wconf 91' lang='lat' dir='ltr'><strong>libitu</strong></span> <span class='ocrx_word' id='word_1_293' title='bbox 1051 3756 1083 3812; x_wconf 92' lang='lat' dir='ltr'><strong>et</strong></span> <span class='ocrx_word' id='word_1_294' title='bbox 1103 3753 1225 3831; x_wconf 89' lang='lat' dir='ltr'><strong>sponte,</strong></span> <span class='ocrx_word' id='word_1_295' title='bbox 1247 3768 1309 3813; x_wconf 90' lang='lat' dir='ltr'><strong>non</strong></span> <span class='ocrx_word' id='word_1_296' title='bbox 1323 3749 1356 3812; x_wconf 94' lang='lat' dir='ltr'><strong>vi</strong></span> <span class='ocrx_word' id='word_1_297' title='bbox 1378 3751 1429 3814; x_wconf 89' lang='lat' dir='ltr'><strong>vel</strong></span> <span class='ocrx_word' id='word_1_298' title='bbox 1450 3749 1523 3815; x_wconf 93' lang='lat' dir='ltr'><strong>dolo</strong></span> <span class='ocrx_word' id='word_1_299' title='bbox 1544 3771 1599 3816; x_wconf 91' lang='lat' dir='ltr'><strong>seu</strong></span> <span class='ocrx_word' id='word_1_300' title='bbox 1611 3751 1722 3816; x_wconf 83' lang='lat' dir='ltr'><strong>l&#39;raude</strong></span> 
     </span>
     <span class='ocr_line' id='line_1_37' title="bbox 414 3836 1721 3922; baseline 0.001 -18"><span class='ocrx_word' id='word_1_301' title='bbox 414 3848 471 3905; x_wconf 86' lang='lat' dir='ltr'><strong>aut</strong></span> <span class='ocrx_word' id='word_1_302' title='bbox 494 3840 608 3922; x_wconf 86' lang='lat' dir='ltr'><strong>quavis</strong></span> <span class='ocrx_word' id='word_1_303' title='bbox 633 3840 903 3904; x_wconf 89' lang='lat' dir='ltr'><strong>circumvencione</strong></span> <span class='ocrx_word' id='word_1_304' title='bbox 931 3836 1092 3916; x_wconf 93' lang='lat' dir='ltr'><strong>inductus,</strong></span> <span class='ocrx_word' id='word_1_305' title='bbox 1120 3837 1187 3902; x_wconf 91' lang='lat' dir='ltr'><strong>solo</strong></span> <span class='ocrx_word' id='word_1_306' title='bbox 1213 3837 1395 3902; x_wconf 86' lang='lat' dir='ltr'><strong>devocionis</strong></span> <span class='ocrx_word' id='word_1_307' title='bbox 1425 3839 1590 3918; x_wconf 91' lang='lat' dir='ltr'><strong>instinctu,</strong></span> <span class='ocrx_word' id='word_1_308' title='bbox 1620 3842 1721 3905; x_wconf 91' lang='lat' dir='ltr'><strong>eciam</strong></span> 
     </span>
     <span class='ocr_line' id='line_1_38' title="bbox 414 3925 1722 4011; baseline 0.001 -18"><span class='ocrx_word' id='word_1_309' title='bbox 414 3947 493 3993; x_wconf 84' lang='lat' dir='ltr'><strong>sane</strong></span> <span class='ocrx_word' id='word_1_310' title='bbox 513 3928 629 3992; x_wconf 89' lang='lat' dir='ltr'><strong>mentis</strong></span> <span class='ocrx_word' id='word_1_311' title='bbox 655 3934 687 3992; x_wconf 90' lang='lat' dir='ltr'><strong>et</strong></span> <span class='ocrx_word' id='word_1_312' title='bbox 705 3947 834 4011; x_wconf 89' lang='lat' dir='ltr'><strong>compos</strong></span> <span class='ocrx_word' id='word_1_313' title='bbox 855 3927 1006 4007; x_wconf 88' lang='lat' dir='ltr'><strong>racionis,</strong></span> <span class='ocrx_word' id='word_1_314' title='bbox 1031 3925 1246 3991; x_wconf 81' lang='lat' dir='ltr'><strong>molendinum</strong></span> <span class='ocrx_word' id='word_1_315' title='bbox 1268 3945 1373 4006; x_wconf 91' lang='lat' dir='ltr'><strong>suum,</strong></span> <span class='ocrx_word' id='word_1_316' title='bbox 1395 3925 1479 4008; x_wconf 89' lang='lat' dir='ltr'><strong>quod</strong></span> <span class='ocrx_word' id='word_1_317' title='bbox 1500 3928 1533 3992; x_wconf 92' lang='lat' dir='ltr'><strong>in</strong></span> <span class='ocrx_word' id='word_1_318' title='bbox 1555 3928 1722 3995; x_wconf 73' lang='grc'><strong>(161161666-</strong></span> 
     </span>
     <span class='ocr_line' id='line_1_39' title="bbox 414 4015 1724 4098; baseline 0.001 -16"><span class='ocrx_word' id='word_1_319' title='bbox 414 4018 492 4083; x_wconf 90' lang='lat' dir='ltr'><strong>rode</strong></span> <span class='ocrx_word' id='word_1_320' title='bbox 513 4023 562 4082; x_wconf 93' lang='lat' dir='ltr'><strong>est</strong></span> <span class='ocrx_word' id='word_1_321' title='bbox 584 4017 689 4098; x_wconf 88' lang='lat' dir='ltr'><strong>situm,</strong></span> <span class='ocrx_word' id='word_1_322' title='bbox 710 4017 751 4082; x_wconf 93' lang='lat' dir='ltr'><strong>ob</strong></span> <span class='ocrx_word' id='word_1_323' title='bbox 773 4017 906 4081; x_wconf 89' lang='lat' dir='ltr'><strong>salutem</strong></span> <span class='ocrx_word' id='word_1_324' title='bbox 927 4015 1034 4080; x_wconf 90' lang='lat' dir='ltr'><strong>anime</strong></span> <span class='ocrx_word' id='word_1_325' title='bbox 1054 4034 1111 4079; x_wconf 90' lang='lat' dir='ltr'><strong>sue</strong></span> <span class='ocrx_word' id='word_1_326' title='bbox 1133 4021 1165 4079; x_wconf 88' lang='lat' dir='ltr'><strong>et</strong></span> <span class='ocrx_word' id='word_1_327' title='bbox 1185 4015 1311 4078; x_wconf 88' lang='lat' dir='ltr'><strong>nomine</strong></span> <span class='ocrx_word' id='word_1_328' title='bbox 1334 4018 1514 4080; x_wconf 87' lang='lat' dir='ltr'><strong>testamenti</strong></span> <span class='ocrx_word' id='word_1_329' title='bbox 1533 4018 1724 4083; x_wconf 90' lang='lat' dir='ltr'><strong>venerabili-</strong></span> 
     </span>
     <span class='ocr_line' id='line_1_40' title="bbox 414 4103 1722 4188; baseline 0.002 -18"><span class='ocrx_word' id='word_1_330' title='bbox 414 4106 474 4170; x_wconf 94' lang='lat' dir='ltr'><strong>bns</strong></span> <span class='ocrx_word' id='word_1_331' title='bbox 494 4113 528 4169; x_wconf 90' lang='lat' dir='ltr'><strong>et</strong></span> <span class='ocrx_word' id='word_1_332' title='bbox 548 4105 708 4186; x_wconf 88' lang='lat' dir='ltr'><strong>religiosis</strong></span> <span class='ocrx_word' id='word_1_333' title='bbox 725 4106 805 4170; x_wconf 90' lang='lat' dir='ltr'><strong>viris</strong></span> <span class='ocrx_word' id='word_1_334' title='bbox 824 4104 921 4188; x_wconf 91' lang='lat' dir='ltr'><strong>priori</strong></span> <span class='ocrx_word' id='word_1_335' title='bbox 939 4111 971 4167; x_wconf 97' lang='grc'><strong>61</strong></span> <span class='ocrx_word' id='word_1_336' title='bbox 990 4103 1158 4168; x_wconf 91' lang='lat' dir='ltr'><strong>conventui</strong></span> <span class='ocrx_word' id='word_1_337' title='bbox 1170 4103 1335 4184; x_wconf 88' lang='lat' dir='ltr'><strong>Porteoeli,</strong></span> <span class='ocrx_word' id='word_1_338' title='bbox 1351 4104 1472 4169; x_wconf 91' lang='lat' dir='ltr'><strong>ordinis</strong></span> <span class='ocrx_word' id='word_1_339' title='bbox 1487 4107 1616 4171; x_wconf 86' lang='lat' dir='ltr'><strong>fratrum</strong></span> <span class='ocrx_word' id='word_1_340' title='bbox 1633 4107 1722 4172; x_wconf 87' lang='lat' dir='ltr'><strong>here-</strong></span> 
     </span>
     <span class='ocr_line' id='line_1_41' title="bbox 414 4191 1721 4277; baseline 0.003 -20"><span class='ocrx_word' id='word_1_341' title='bbox 414 4195 563 4258; x_wconf 89' lang='lat' dir='ltr'><strong>mitarum</strong></span> <span class='ocrx_word' id='word_1_342' title='bbox 589 4195 692 4258; x_wconf 87' lang='lat' dir='ltr'><strong>saneti</strong></span> <span class='ocrx_word' id='word_1_343' title='bbox 721 4193 904 4276; x_wconf 87' lang='lat' dir='ltr'><strong>Augustini,</strong></span> <span class='ocrx_word' id='word_1_344' title='bbox 930 4212 1029 4277; x_wconf 90' lang='lat' dir='ltr'><strong>prope</strong></span> <span class='ocrx_word' id='word_1_345' title='bbox 1047 4193 1165 4256; x_wconf 91' lang='lat' dir='ltr'><strong>dictum</strong></span> <span class='ocrx_word' id='word_1_346' title='bbox 1196 4191 1327 4275; x_wconf 90' lang='lat' dir='ltr'><strong>opidum</strong></span> <span class='ocrx_word' id='word_1_347' title='bbox 1349 4193 1598 4276; x_wconf 91' lang='lat' dir='ltr'><strong>Werningerode</strong></span> <span class='ocrx_word' id='word_1_348' title='bbox 1623 4197 1721 4273; x_wconf 87' lang='lat' dir='ltr'><strong>dedit,</strong></span> 
     </span>
     <span class='ocr_line' id='line_1_42' title="bbox 416 4281 1724 4366; baseline 0.002 -20"><span class='ocrx_word' id='word_1_349' title='bbox 416 4281 549 4347; x_wconf 92' lang='lat' dir='ltr'><strong>donavit</strong></span> <span class='ocrx_word' id='word_1_350' title='bbox 575 4282 751 4347; x_wconf 88' lang='lat' dir='ltr'><strong>donacione</strong></span> <span class='ocrx_word' id='word_1_351' title='bbox 778 4284 864 4346; x_wconf 89' lang='lat' dir='ltr'><strong>iusta</strong></span> <span class='ocrx_word' id='word_1_352' title='bbox 890 4288 923 4346; x_wconf 90' lang='lat' dir='ltr'><strong>et</strong></span> <span class='ocrx_word' id='word_1_353' title='bbox 946 4281 1147 4347; x_wconf 85' lang='lat' dir='ltr'><strong>irrevocabili</strong></span> <span class='ocrx_word' id='word_1_354' title='bbox 1175 4287 1269 4362; x_wconf 83' lang='lat' dir='ltr'><strong>atquc</strong></span> <span class='ocrx_word' id='word_1_355' title='bbox 1289 4283 1524 4366; x_wconf 86' lang='lat' dir='ltr'><strong>appropriavit,</strong></span> <span class='ocrx_word' id='word_1_356' title='bbox 1544 4285 1724 4366; x_wconf 87' lang='lat' dir='ltr'><strong>assignavit</strong></span> 
     </span>
     <span class='ocr_line' id='line_1_43' title="bbox 416 4369 1724 4454; baseline 0.003 -21"><span class='ocrx_word' id='word_1_357' title='bbox 416 4377 448 4434; x_wconf 92' lang='lat' dir='ltr'><strong>et</strong></span> <span class='ocrx_word' id='word_1_358' title='bbox 470 4390 550 4452; x_wconf 91' lang='lat' dir='ltr'><strong>pure</strong></span> <span class='ocrx_word' id='word_1_359' title='bbox 572 4378 700 4454; x_wconf 89' lang='lat' dir='ltr'><strong>propter</strong></span> <span class='ocrx_word' id='word_1_360' title='bbox 720 4371 813 4436; x_wconf 89' lang='lat' dir='ltr'><strong>deum</strong></span> <span class='ocrx_word' id='word_1_361' title='bbox 834 4370 997 4452; x_wconf 88' lang='lat' dir='ltr'><strong>delegavit</strong></span> <span class='ocrx_word' id='word_1_362' title='bbox 1015 4390 1054 4434; x_wconf 91' lang='lat' dir='ltr'><strong>ac</strong></span> <span class='ocrx_word' id='word_1_363' title='bbox 1073 4369 1219 4434; x_wconf 89' lang='lat' dir='ltr'><strong>omnibus</strong></span> <span class='ocrx_word' id='word_1_364' title='bbox 1240 4369 1424 4436; x_wconf 89' lang='lat' dir='ltr'><strong>melioribus</strong></span> <span class='ocrx_word' id='word_1_365' title='bbox 1441 4371 1543 4450; x_wconf 90' lang='lat' dir='ltr'><strong>modo,</strong></span> <span class='ocrx_word' id='word_1_366' title='bbox 1564 4373 1627 4454; x_wconf 88' lang='lat' dir='ltr'><strong>via,</strong></span> <span class='ocrx_word' id='word_1_367' title='bbox 1648 4372 1724 4454; x_wconf 91' lang='lat' dir='ltr'><strong>iure,</strong></span> 
     </span>
     <span class='ocr_line' id='line_1_44' title="bbox 416 4458 1723 4544; baseline 0.003 -22"><span class='ocrx_word' id='word_1_368' title='bbox 416 4460 499 4540; x_wconf 92' lang='lat' dir='ltr'><strong>stilo,</strong></span> <span class='ocrx_word' id='word_1_369' title='bbox 519 4477 618 4524; x_wconf 87' lang='lat' dir='ltr'><strong>causa</strong></span> <span class='ocrx_word' id='word_1_370' title='bbox 635 4466 667 4524; x_wconf 90' lang='lat' dir='ltr'><strong>et</strong></span> <span class='ocrx_word' id='word_1_371' title='bbox 689 4460 790 4524; x_wconf 86' lang='lat' dir='ltr'><strong>forma</strong></span> <span class='ocrx_word' id='word_1_372' title='bbox 805 4459 921 4541; x_wconf 85' lang='lat' dir='ltr'><strong>quibus</strong></span> <span class='ocrx_word' id='word_1_373' title='bbox 941 4460 1044 4540; x_wconf 91' lang='lat' dir='ltr'><strong>potuit</strong></span> <span class='ocrx_word' id='word_1_374' title='bbox 1054 4466 1087 4524; x_wconf 91' lang='lat' dir='ltr'><strong>et</strong></span> <span class='ocrx_word' id='word_1_375' title='bbox 1102 4458 1221 4538; x_wconf 89' lang='lat' dir='ltr'><strong>debuit,</strong></span> <span class='ocrx_word' id='word_1_376' title='bbox 1242 4478 1296 4524; x_wconf 89' lang='lat' dir='ltr'><strong>ore</strong></span> <span class='ocrx_word' id='word_1_377' title='bbox 1311 4466 1342 4524; x_wconf 91' lang='lat' dir='ltr'><strong>et</strong></span> <span class='ocrx_word' id='word_1_378' title='bbox 1353 4479 1500 4524; x_wconf 89' lang='lat' dir='ltr'><strong>manuum</strong></span> <span class='ocrx_word' id='word_1_379' title='bbox 1513 4462 1723 4544; x_wconf 89' lang='lat' dir='ltr'><strong>stipulacione</strong></span> 
     </span>
    </p>

    <p class='ocr_par' dir='ltr' id='par_1_11' title="bbox 1467 4562 1520 4614">
     <span class='ocr_line' id='line_1_45' title="bbox 1467 4562 1520 4614; baseline 0 0"><span class='ocrx_word' id='word_1_380' title='bbox 1467 4562 1520 4614; x_wconf 78' lang='lat'><strong>11*</strong></span> 
     </span>
    </p>
   </div>
   <div class='ocr_carea' id='block_1_8' title="bbox 0 0 2240 5167">
    <p class='ocr_par' dir='ltr' id='par_1_12' title="bbox 0 0 2240 5167">
     <span class='ocr_line' id='line_1_46' title="bbox 0 0 2240 5167; baseline 0 0"><span class='ocrx_word' id='word_1_381' title='bbox 0 0 2240 5167; x_wconf 95' lang='lat' dir='ltr'><strong> </strong></span> 
     </span>
    </p>
   </div>
  </div>
 </body>
</html>
