4459 5167
1221 360 1311 413 Nr.
1356 361 1488 412 1:525
1535 361 1719 412 -1336
1756 377 1803 413 a.
1843 360 2069 411 61-63
2895 358 2963 410 45

340 507 502 585 rint,
567 508 836 573 salutem
905 510 965 572 iu
1033 509 1288 572 domino
1350 509 1817 592 sempiternam.
1916 508 2073 571 Cum
2117 507 2197 570 ad
2268 507 2619 571 animarum
2672 506 2961 585 salutem,

335 605 645 677 quantum
690 606 908 663 nostra
955 600 1194 680 patitur
1235 598 1628 681 possibilitas
1669 618 1745 661 ex
1789 597 1978 661 officii
2026 596 2223 661 nostri
2268 596 2483 660 debito
2526 595 2779 659 solliciti
2826 614 2963 659 esse

338 705 486 749 eum
532 688 698 749 omni
740 686 976 751 fiducia
1018 707 1154 752 esse
1196 687 1568 766 debeamus,
1624 694 1688 751 et
1725 687 1998 751 maxime
2042 687 2102 749 in
2147 686 2304 765 hiis,
2358 687 2419 748 in
2466 685 2695 767 quibus
2738 684 2858 748 deo
2901 691 2965 748 et

335 776 474 838 suis
531 776 767 839 sanctis
816 777 1016 840 maior
1069 779 1425 841 reverentia
1483 776 1842 846 exhibetur,
1910 776 2195 839 volentes
2250 775 2444 856 igitur
2494 774 2760 837 ecclesie
2824 793 2961 856 par-

341 863 611 929 rochiali
697 865 760 927 in
843 866 1150 947 Langele‚
1240 866 1793 930 Halberstadensis
1872 863 2192 947 dyocesis,
2277 869 2533 947 propter
2618 862 2960 944 specialem

341 954 765 1032 affectionem,
809 974 997 1035 quam
1038 956 1123 1019 ad
1166 955 1448 1020 ordinem
1495 955 1716 1018 domus
1761 953 2121 1018 theutonice
2152 953 2477 1030 habemuS,
2520 952 2732 1032 aliquo
2778 951 2963 1014 bene-

345 1041 494 1106 ficio
539 1042 890 1126 spiritualis
931 1045 1138 1125 gratie
1181 1044 1535 1124 subvenire,
1580 1043 1868 1107 omnibus
1909 1062 2056 1106 vere
2101 1042 2405 1114 coutritiS,
2453 1041 2562 1122 qui
2612 1060 2753 1104 eum
2789 1060 2965 1104 reve-

346 1132 558 1194 rentia
618 1140 680 1193 et
731 1131 1068 1197 devotione
1111 1133 1331 1197 debita
1382 1132 1877 1196 sacratissimum
1934 1150 2159 1213 corpus
2201 1131 2468 1210 Christi,
2524 1149 2662 1193 cum
2727 1130 2809 1192 ad
2873 1131 2962 1193 in-

346 1218 559 1284 firmos
625 1219 1020 1302 deportatur,
1085 1228 1380 1285 secuntur
1437 1229 1498 1285 et
1563 1220 1952 1302 cymiterium
2020 1219 2358 1298 circuiunt,
2432 1218 2512 1283 de
2570 1218 2963 1300 benignitate

346 1307 967 1373 salvatoris'domini
1012 1310 1208 1374 nostri
1257 1310 1437 1373 lbesu
1484 1310 1715 1374 Christi
1773 1317 1837 1373 et
1888 1308 2159 1389 gloriose
2202 1307 2471 1389 virginis
2511 1306 2737 1382 Marie‚
2793 1307 2961 1372 beati

348 1398 642 1462 Mauricii
696 1402 946 1481 patroni
1003 1401 1199 1465 nostri
1255 1407 1319 1463 et
1375 1401 1576 1463 eciam
1628 1400 2003 1464 auctoritate
2063 1398 2333 1462 clavium
2393 1397 2577 1462 nobis
2628 1397 2963 1460 commissa

346 1487 607 1565 confisi,
664 1489 1092 1570 quadraginta
1135 1490 1274 1554 dies
1315 1490 1711 1570 indulgentie
1755 1489 1817 1551 in
1877 1488 2134 1551 domino
2192 1486 2680 1550 misericorditer
2722 1487 2962 1550 relaxa-

348 1596 523 1656 mus,
585 1577 921 1641 dummodo
983 1578 1065 1642 ad
1131 1579 1246 1642 hoc
1313 1577 1638 1642 reverendi
1710 1578 1911 1661 patris
1989 1575 2228 1640 domini
2274 1623 2287 1636 .
2335 1626 2348 1639 .
2406 1574 2964 1639 Halberstadensis

346 1668 619 1731 ecclesie
658 1667 970 1750 episcopi,
1023 1668 1086 1729 in
1130 1667 1308 1730 cuius
1352 1666 1612 1748 dyocesi
1664 1665 1914 1750 prefata
1954 1665 2226 1729 eeclesia
2268 1671 2363 1728 est
2404 1664 2656 1742 situata,
2704 1684 2961 1728 consen-

349 1776 459 1820 sus
519 1756 890 1840 premissam
940 1755 1402 1837 indulgentiam
1467 1757 1853 1819 auctorizare
1907 1763 1969 1819 et
2034 1753 2403 1818 confirmare
2477 1753 2787 1835 dignetur.
2889 1754 2960 1817 In

343 1847 528 1910 cuius
565 1846 988 1910 testimonium
1033 1853 1312 1910 nostrum
1354 1844 1634 1927 sigillum
1681 1842 2075 1928 presentibus
2121 1851 2216 1907 est
2254 1862 2625 1925 appensum.

513 1934 748 1998 Datum
805 1934 1255 2016 Magdeboreh,
1316 1953 1484 1999 anno
1526 1933 1767 1997 domini
1810 1932 2087 1996 ΜΟΟΟΟ0
2143 1933 2441 1996 vicesimo
2494 1951 2684 2010 nono,
2736 1937 2963 2013 quarta

345 2023 640 2106 proxima
678 2022 837 2086 feria
879 2031 1020 2106 post
1064 2023 1447 2086 dominicam
1488 2041 1612 2103 qua
1657 2028 1948 2086 cantatur
1991 2020 2212 2100 „Oculi
2258 2020 2380 2083 mei
2426 2021 2730 2102 semper.“

443 2209 474 2259 h
503 2139 714 2261 Ιῖἶῗοήτ.
750 2157 801 2192 α.
841 2139 987 2207 Perq.
1002 2140 1085 2193 W.
1159 2139 1282 2192 Das
1311 2157 1388 2191 cm
1408 2138 1939 2208 Per-yaveten-tstreifen
1974 2137 2306 2206 anyehiinyte
2323 2137 2489 2205 δῖε-991
2527 2137 2599 2189 ist
2631 2136 2780 2189 nicht
2816 2136 2963 2188 mehr

346 2226 443 2261 vor
479 2227 523 2261 a·
594 2226 675 2263 em.

346 2435 581 2516 1336.
636 2434 873 2516 Mau-z
910 2436 1028 2518 12.
2827 2436 2957 2518 63.

555 2569 845 2633 Albrecht
885 2572 1022 2633 und
1064 2569 1425 2646 Bernhard‚
1475 2569 1721 2652 Grafen
1761 2590 1843 2635 zu
1886 2569 2274 2651 Reyenstein,
2318 2571 2457 2633 urul
2513 2568 2738 2648 zurich,
2789 2571 2972 2652 Graf

558 2668 877 2731 Albrechts
928 2667 1092 2732 Sohn
1111 2717 1126 2744 ‚
1177 2667 1449 2749 yeloben,
1523 2668 1703 2731 ihren
1758 2667 2083 2748 Schwayer
2134 2668 2505 2745 Bwehard,
2580 2669 2828 2750 G-rafen
2877 2689 2959 2732 zu

558 2766 988 2841 Falkenstein‚
1044 2786 1248 2846 τωρωι
1306 2766 1593 2845 etwaiyer
1635 2761 2143 2846 Anfech'tunyen,
2199 2766 2301 2829 die
2352 2787 2418 2830 er
2467 2788 2672 2847 weyen
2722 2767 2833 2830 der
2872 2788 2961 2829 an

555 2863 645 2925 sie
682 2864 1131 2927 iibereoiesenen
1174 2863 1776 2943 Illaydeburyeschen
1818 2863 2026 2927 Lehen
2068 2863 2363 2943 erfahren
2404 2864 2599 2940 sollte,
2642 2865 2842 2927 sicher
2879 2884 2960 2927 zu

555 2961 783 3024 stellen.
2883 2994 2913 3021 e

514 3078 630 3141 We
680 3077 982 3141 Albrecht
1036 3076 1202 3141 unde
1254 3076 1565 3141 Bernhart
1620 3098 1746 3141 van
1823 3077 1936 3141 der
1985 3079 2198 3159 gnade
2250 3077 2492 3159 goddes
2543 3097 2780 3161 greveu
2833 3098 2959 3142 van

342 3169 731 3248 Regensten,
776 3165 941 3231 unde
983 3166 1185 3247 Olrik,
1228 3167 1341 3231 des
1382 3165 1882 3231 vorbenomeden
1929 3187 2162 3248 greveu
2211 3167 2582 3231 Albrechtes
2624 3186 2806 3238 sone,
2860 3167 2964 3230 be-

345 3259 604 3321 kennen
651 3255 1014 3339 oppenbare
1057 3256 1122 3319 in
1165 3255 1452 3319 desseme
1498 3255 2100 3337 jeghenwardighen
2129 3256 2337 3334 breve,
2382 3257 2491 3320 dat
2536 3256 2616 3319 de
2657 3255 2757 3320 len
2796 3255 2962 3319 unde

347 3347 434 3411 de
477 3346 859 3429 manscbap,
913 3345 992 3409 de
1038 3365 1191 3410 unse
1244 3365 1475 3427 svager
1525 3365 1718 3427 greve
1761 3346 2064 3409 Borchart
2105 3365 2228 3409 van
2272 3346 2691 3423 Valkensten,
2744 3343 2827 3409 de
2884 3344 2962 3407 be

346 3437 480 3500 best
524 3434 732 3515 gehad
779 3454 898 3496 van
944 3433 1126 3499 deme
1169 3454 1455 3499 ersamen
1499 3434 1722 3499 herren
1770 3436 1951 3499 deme
1982 3436 2286 3519 biscoppe
2331 3455 2454 3500 van
2480 3433 2965 3516 Megedebureh,

344 3525 430 3588 de
479 3525 555 3585 be
601 3543 679 3585 an
727 3542 841 3587 uns
883 3523 1196 3604 ghewiset
1235 3524 1397 3602 hett,
1455 3543 1619 3587 were
1669 3523 1781 3586 dat
1826 3523 1901 3585 he
1936 3523 2215 3605 jenegbe
2271 3523 2768 3605 heschuldingbe
2810 3521 2964 3587 oder

339 3612 670 3696 ansprake
708 3610 965 3676 seholde
1006 3611 1192 3696 lyden
1234 3632 1358 3676 van
1406 3612 1588 3675 deme
1643 3612 1855 3676 selven
1912 3612 2244 3694 hiscoppe,
2283 3612 2408 3677 'des
2450 3612 2663 3676 scolde
2705 3632 2801 3675 we
2843 3630 2962 3675 ene

338 3706 643 3768 afnemen
686 3701 819 3765 also
864 3721 1052 3765 verne
1095 3701 1228 3764 alse
1265 3721 1363 3765 we
1407 3700 1809 3782 vormoghen.
1894 3701 2023 3764 Dat
2053 3700 2223 3765 disse
2252 3702 2401 3765 rede
2441 3721 2576 3765 war
2619 3702 2808 3779 blive,
2851 3701 2966 3770 dat

341 3790 671 3872 betbughe
711 3810 804 3853 we
848 3798 980 3872 myt
1026 3810 1219 3853 unsen
1267 3790 1695 3871 ingesegelen,
1739 3789 1818 3852 de
1863 3790 1959 3852 hir
1994 3809 2114 3853 aue
2160 3790 2474 3871 hanghen.

512 3880 716 3943 Desse
772 3879 913 3943 bref
963 3880 1015 3943 is
1068 3879 1454 3961 ghescreven
1509 3898 1592 3942 na
1648 3878 1893 3960 goddes
1949 3878 2100 3941 bord
2160 3877 2696 3962 dreteynhundert
2739 3878 2845 3959 jar
2895 3879 2958 3941 in

328 3973 530 4035 deine
573 3987 676 4031 ses
721 3968 885 4030 unde
932 3967 1344 4048 drittegesten
1379 3967 1541 4048 jare,
1584 3986 1664 4028 an
1711 3975 1893 4031 sente
1912 3966 2258 4047 Gregorien
2305 3967 2469 4048 dage
2514 3967 2628 4032 des
2652 3988 2957 4051 paweseS.

496 4083 768 4149 Israeli-rifi
807 4084 887 4136 W.
932 4083 1027 4135 mit
1063 4082 1167 4135 den
1202 4084 1313 4149 auf
1349 4084 1496 4149 Tafel
1536 4082 1647 4149 IX,
1684 4083 1789 4136 ΝΤ.
1827 4087 1896 4135 63
1932 4082 2048 4133 und
2084 4087 2152 4134 64
2188 4083 2542 4151 abyebt‘ldeten
2579 4083 2796 4152 Sieyeln.
