4459 5167
1188 341 1281 397 Nr.
1319 345 1557 398 38—40.
1599 361 1645 396 a.
1692 344 2078 396 1285—1288.
2123 351 2133 356 “
2904 341 2975 392 29

511 492 722 547 Urschr.
751 496 850 558 W„
890 511 988 546 ron
1021 493 1181 546 deren
1216 495 1295 546 bis
1329 495 1434 560 auf
1463 493 1564 546 das
1579 494 1859 560 sffltzovalc
1895 492 1986 546 cles
2009 492 2253 546 (bmtwrs
2284 492 2499 544 wanden
2518 491 2720 559 Sieyeln
2741 490 2874 543 noch
2891 509 2970 544 εν-

354 564 546 617 halten
579 563 730 617 sind:
792 567 845 630 1)
883 563 981 616 das
1016 563 1106 616 des
1144 563 1390 617 Comtuffs
1429 563 1792 631 (bescltiidiqt),
1827 564 1887 626 2)
1923 562 2025 615 das
2057 562 2353 629 9'eichfalls
2388 561 2713 628 beschddiqte
2754 562 2971 614 BERN·

357 635 588 688 HARIH
626 634 856 702 [militisl
904 634 1002 686 DE
1058 635 1369 694 BRAKLE,
1422 637 1478 699 3)
1516 634 1672 700 deayl.
1709 634 1810 685 das
1854 635 1903 690 S.
1949 633 2356 686 BVRCHARDI
2408 632 2504 685 DE
2560 631 2967 685 AsSEBORcH

356 706 386 770 (
380 707 484 757 mit
535 705 683 769 lVolf
721 705 791 756 im
830 703 1078 770 Schilde)‚
1155 706 1211 770 4)
1255 704 1353 756 das
1390 703 1555 770 Sieyel
1599 704 1692 756 der
1727 702 1884 756 Stadt
1923 703 2130 756 Homer
2175 708 2275 755 mat
2312 703 2621 769 Rit'ckaieyel
2633 742 2648 766 ‚
2703 702 2842 753 (euch
2892 703 2970 753 be-

355 773 622 842 schc'idigm
661 776 717 841 5)
756 774 857 826 (las
897 773 1247 842 Staclt-Sieqcl
1283 791 1383 827 von
1427 775 1639 830 Braloel.

358 1021 581 1101 1287.
637 1019 1140 1119 September
1175 1019 1302 1101 28.
2837 1019 2968 1101 39.

566 1154 826 1233 Bischof
864 1154 1096 1217 Volrad
1139 1174 1255 1216 von
1298 1152 1704 1216 Halberstadt
1744 1152 1980 1215 erthez'lt
2019 1151 2214 1228 allen,
2271 1153 2489 1216 welche
2527 1154 2629 1216 die
2670 1152 2971 1217 Deutsch-

564 1252 995 1316 ordenslcirche
1033 1248 1135 1315 ια’
1158 1250 1444 1331 Lanyeln
1484 1250 1796 1326 besuchen,
1841 1251 2021 1312 einen
2063 1250 2540 1331 vicrziytdyiyen
2583 1252 2828 1315 Ablass.

527 1378 836 1443 Volradus
888 1377 990 1441 dei
1045 1378 1266 1458 gracia
1318 1377 1874 1441 Halberstadensis
1925 1377 2193 1441 ecclesie
2247 1378 2584 1460 episcopus
2637 1378 2969 1442 omnibusl

362 1466 597 1529 Christi
653 1465 945 1530 fidelibus
1004 1465 1329 1548 presentia
1385 1466 1617 1530 visuris
1660 1466 1724 1527 in
1768 1465 2042 1528 omnium
2086 1466 2401 1529 salvatore
2444 1466 2727 1530 salutem.
2814 1467 2971 1532 Cum

361 1555 654 1619 dominus
695 1556 896 1620 dicat:
949 1555 1105 1639 ‘Non
1150 1556 1212 1618 in
1259 1555 1390 1619 solo
1428 1573 1593 1636 pane
1636 1553 1796 1617 vivit
1839 1554 2042 1633 homo,
2084 1553 2196 1617 sed
2239 1555 2303 1617 in
2336 1555 2507 1618 omni
2549 1556 2759 1635 verbo,
2802 1557 2971 1638 quod

361 1644 660 1726 procedet
714 1664 794 1707 ex
846 1663 952 1707 ore
1003 1642 1147 1722 dei’,
1204 1649 1267 1706 et
1317 1643 1472 1707 alibi
1529 1642 1923 1706 auditoribus
1978 1649 2041 1704 et
2092 1641 2604 1709 observatoribus
2644 1644 2822 1707 verbi
2866 1644 2970 1708 dei

362 1732 820 1797 beatitudinem
872 1734 1235 1816 promittat,
1306 1752 1420 1797 nos
1476 1732 1804 1815 cupientes
1854 1731 2147 1795 fidelibus
2201 1732 2760 1814 populiscausam
2816 1732 2971 1798 dare

359 1822 707 1905 predic-tam
754 1822 1210 1886 beatitudinem
1253 1821 1663 1903 assequendi,
1719 1821 2009 1886 omnibus
2057 1819 2292 1885 Christi
2335 1819 2657 1896 fidelibus,
2714 1824 2820 1904 qui
2884 1823 2967 1886 ad

362 1911 695 1975 ecclesiam
736 1910 1171 1993 religiosorum
1218 1910 1490 1974 virorum
1531 1911 1791 1973 fratrum
1844 1910 2066 1974 domus
2108 1915 2325 1973 sancte
2371 1909 2567 1974 Mario
2610 1910 2969 1975 theutonice

359 2001 425 2063 in
456 2000 749 2082 Langele,
792 2007 1001 2064 nostre
1040 1999 1351 2084 dyocesis,
1393 1999 1617 2063 salutis
1659 2016 1769 2062 sue
1812 2017 2005 2063 causa
2047 1999 2433 2062 accesserint
2469 1998 2773 2080 suffragia
2792 2019 2969 2063 sanc-

358 2096 566 2153 torum
607 2090 841 2153 ibidem
887 2087 1276 2171 imploraturi
1337 2088 1723 2169 verbumque
1776 2087 1910 2165 dei,
1964 2085 2130 2167 quod
2181 2088 2244 2148 in
2289 2086 2577 2168 predicta
2618 2088 2888 2152 ecclesia
2930 2109 2971 2152 a

358 2179 691 2243 sacerdote
737 2181 928 2243 fratre
969 2178 1209 2241 ordinis
1253 2175 1535 2242 eiusdem
1579 2175 1800 2240 domus
1843 2176 1937 2240 eis
1979 2176 2061 2239 ad
2104 2176 2455 2239 animarum
2502 2195 2754 2239 suarum
2806 2176 2970 2241 salu-

357 2276 487 2332 tem
535 2269 928 2350 proponitur,
978 2287 1117 2332 cum
1160 2267 1503 2330 devocione
1546 2264 1841 2343 audituri,
1885 2265 1965 2329 de
2010 2264 2441 2329 misericordia
2483 2266 2616 2346 dei,
2657 2285 2783 2347 qua
2827 2286 2968 2330 con-

356 2357 630 2437 fidimus,
675 2358 814 2421 XL·
853 2357 992 2422 dies
1033 2357 1112 2419 de
1153 2355 1455 2418 iniunctis
1497 2353 1620 2418 sibi
1649 2353 2038 2436 penitentiiS,
2080 2352 2158 2414 de
2192 2353 2420 2432 quibus
2456 2354 2705 2417 contriti
2737 2354 2969 2419 fuerint

358 2454 425 2511 et
474 2446 763 2526 confessi,
806 2445 1294 2510 misericorditer
1337 2443 1708 2507 relaxamus.

528 2535 745 2598 Datum
789 2535 854 2598 in
908 2534 1184 2599 crastino
1230 2533 1398 2597 beati
1443 2532 1755 2612 Maur-itii,
1817 2551 1984 2595 anno
2041 2530 2280 2594 domini
2326 2530 2965 2597 M⁰CC⁰LXXXVII⁰.

513 2660 723 2713 Urschr.
761 2661 860 2713 mit
893 2659 1273 2728 beschddiytem
1308 2658 1476 2729 Sieyel
1509 2660 1572 2711 in
1608 2659 1691 2712 W.

510 2776 571 2841 1)
603 2775 843 2829 omnibus
878 2774 1114 2829 zweimal
1147 2774 1210 2827 in
1243 2773 1339 2827 der
1385 2771 1653 2827 Urkwnde.

352 2985 588 3067 1288.
644 2982 970 3082 August,
1004 2985 1125 3067 18.
1405 2950 1904 2957 '‘—
2302 2944 2319 2952 ’
2826 2981 2965 3063 40.

561 3119 820 3183 Johann
873 3139 990 3182 von
1049 3118 1376 3183 Wanzlevc
1423 3116 1736 3180 bewidmet
1793 3117 1912 3178 mit
1964 3114 2405 3195 Zustimmuny
2456 3116 2659 3178 seincr
2712 3115 2970 3178 Brilder

566 3217 910 3280 Barchard
948 3217 1086 3279 und
1122 3215 1436 3279 Guncelin
1479 3215 1598 3277 (len
1641 3213 1970 3275 deutschen
2005 3212 2210 3275 Orden
2253 3213 2364 3275 der
2403 3213 2786 3275 sc'ichsischen
2816 3212 2968 3275 Pro-

562 3315 706 3379 vim
765 3335 882 3376 aus
937 3314 1294 3378 besonderer
1346 3311 1734 3390 Verchruny,
1809 3312 1910 3373 dic
1963 3332 2030 3372 er
2081 3312 2193 3390 fiir
2254 3310 2573 3373 denselhen
2631 3309 2791 3390 heyt,
2854 3312 2969 3374 mit

561 3411 709 3474 zwei
768 3430 885 3474 von
941 3411 1070 3473 ihm
1135 3410 1463 3490 erkauften
1509 3408 1733 3487 Hufen
1796 3428 1878 3472 zu
1937 3407 2550 3487 Gross-Mithlinyen
2612 3407 2966 3489 (Mulinge),

559 3509 673 3570 mit
720 3508 991 3571 etlichem
1050 3508 1338 3572 overlant
1375 3509 1742 3585 yenarmtcn
1798 3504 2078 3567 Aeckern
2136 3505 2275 3567 und
2332 3505 2533 3568 sichem
2588 3504 2963 3584 Hofstc'itten.

562 3603 785 3686 Dafiir
838 3605 1029 3668 sollen
1093 3605 1217 3667 ihm
1268 3603 1369 3666 die
1425 3605 1966 3667 commendatores
2011 3605 2270 3665 fratrum
2315 3602 2810 3665 theutonicorum
2856 3622 2970 3684 per

561 3704 951 3787 provinciam
996 3703 1289 3781 Saxonie,
1331 3700 1630 3764 videlicet
1673 3699 2139 3764 commendator
2180 3698 2618 3782 provincialiS,
2656 3716 2965 3762 commen-

562 3800 744 3863 dator
789 3801 852 3864 in
896 3800 1176 3881 Langele
1232 3807 1295 3863 et
1349 3796 1820 3863 commendator
1872 3797 1935 3860 in
1990 3797 2348 3860 Luckenum
2395 3803 2458 3860 et
2500 3797 2967 3861 commendator

564 3898 626 3960 in
686 3898 961 3980 Berghe,
1021 3897 1155 3959 cine
1196 3894 1702 3974 lebenslc'inyliche
1753 3894 2077 3957 Leibrente
2132 3913 2249 3955 von
2306 3899 2348 3955 3
2389 3892 2648 3971 Sclaeffel
2701 3892 2963 3978 (choris)

579 3994 856 4071 Weizen,
905 3994 1191 4074 Maqdeb.
1238 3993 1493 4076 Maass,
1536 3991 1806 4071 jam-lech
1849 3992 1911 4053 in
1955 3992 2130 4054 curia
2172 4010 2313 4054 mea
2353 3989 2820 4071 Magdeburch,
2864 3990 2964 4054 vel

560 4093 925 4157 Halberstat
949 4092 1050 4155 vel
1073 4090 1460 4169 Brunswicb,
1493 4088 1655 4151 nach
1690 4088 1919 4150 scinem
1946 4086 2364 4165 Gutbeflnden
2401 4085 2530 4147 ihm
2561 4085 2706 4147 oder
2735 4085 2964 4147 seinem

579 4189 876 4253 Ver-trecor
917 4190 1156 4271 Referu,
1199 4189 1363 4251 auch
1407 4206 1586 4250 wenn
1618 4206 1686 4247 er
1727 4186 1800 4247 in
1839 4186 2018 4248 einen
2068 4183 2275 4246 Orden
2318 4183 2556 4245 cintritt
2596 4183 2677 4259 (si
2715 4182 2963 4263 religio-

563 4306 704 4350 nem
756 4287 1034 4368 aliquam
1099 4281 1463 4364 intravero).
1559 4280 1685 4344 Die
1733 4282 2024 4346 Oomture
2071 4281 2268 4343 haben
2322 4281 2441 4341 den
2482 4299 2565 4342 zu
2608 4278 2815 4359 Berye
2851 4279 2966 4340 mit

563 4384 762 4446 ‹li-eser
805 4384 1146 4464 Licscruny
1189 4384 1558 4462 beaulirayi,
1603 4378 1753 4441 cloch
1793 4380 1941 4441 sind
1981 4380 2083 4440 die
2120 4378 2382 4456 ii-bm'ycn
2418 4376 2808 4454 vcrpslichtet,
2852 4379 2965 4455 fii-r

565 4485 718 4542 etwa
760 4482 1186 4544 entstehendmz
1229 4478 1494 4560 Ausfall
1533 4478 1680 4539 oder
1721 4475 2001 4539 Schaden
2042 4474 2538 4555 aufzukmnmen.
