4459 5167
494 322 547 386 2i6
748 325 1034 387 Cistercienserinnen·
1051 326 1272 403 (Heiligenhlut)
1288 325 1396 389 liloster
1404 328 1546 391 Waterlcr.

494 478 788 561 Helberstadeusis,
814 481 960 546 dominus
980 481 1145 563 Albertus,
1173 482 1329 565 plebanus
1356 484 1459 549 sancti
1481 481 1647 548 Benedicti
1672 482 1804 566 antique

493 570 635 635 ciuitatis
656 570 690 634 in
705 570 996 653 Quedelingbnrgh‚
1017 571 1164 637 dominus
1181 573 1375 655 Gherardus,
1395 574 1550 658 plebanus
1569 572 1805 639 novecivitatis

493 659 623 740 ibidem,
645 658 766 739 clerici3
788 657 933 723 dominus
948 658 1464 744 LodewicusdeElvelligherode‚
1485 661 1631 727 dominus
1647 660 1806 726 lohannes

492 750 534 815 do
564 747 742 831 Langhele‚
779 747 911 826 milites;
942 747 1101 813 lohannes
1132 749 1235 813 dictus
1263 749 1345 829 Mor,
1378 750 1535 814 lohannes
1568 750 1609 814 de
1628 750 1804 831 Langhele,

491 838 614 920 famuli,
634 844 666 902 et
685 856 781 919 quam
801 837 858 902 alii
879 836 985 920 plures
1005 835 1170 921 fidedigni.

573 930 687 992 Actum
708 933 739 992 et
759 926 868 991 datum
890 925 1228 1009 inQuedelingburgh,
1250 927 1465 992 annodomini
1482 926 1804 1005 M⁰C⁰C⁰C⁰XXllll⁰,

381 1019 384 1024 ⁴
494 1020 528 1084 in
549 1018 688 1083 erastino
710 1015 797 1080 beati
817 1015 928 1081 lacobi
947 1015 1118 1099 appostoli.

564 1132 679 1202 copon.
698 1131 745 1186 er.
766 1132 807 1185 1².

494 1252 923 1339 1325‚·Iteoembertt.
1740 1254 1803 1337 78.

594 1387 666 1453 Dos
697 1388 825 1453 Klostcr
853 1386 1008 1452 Waterler
1034 1388 1200 1465 hekuootet,
1238 1388 1314 1451 dors
1340 1388 1479 1452 Konrud
1507 1407 1566 1451 cort
1596 1388 1802 1465 Vecteostedt,

552 1516 558 1527 ·
595 1485 724 1568 Brirper
742 1504 783 1550 ru
808 1482 986 1560 Osterwt'cb
1013 1504 1080 1548 vom
1101 1484 1141 1548 K
1143 1484 1232 1549 Zoster
1250 1486 1317 1548 eine
1337 1489 1356 1547 1
1377 1485 1457 1549 Loto
1476 1504 1518 1549 eu
1542 1484 1631 1549 Galli
1657 1487 1806 1550 uincendo

595 1583 684 1648 balbe
703 1582 793 1664 Hoste
812 1582 849 1645 ia
871 1583 926 1645 der
937 1582 1026 1646 Flur
1044 1586 1218 1663 peooaotcr
1232 1581 1324 1646 mour
1342 1583 1418 1646 inne
1437 1584 1500 1660 but,
1522 1583 1572 1646 die
1592 1583 1660 1647 dero
1672 1582 1712 1647 K
1714 1584 1805 1648 loster

595 1702 655 1746 von
675 1681 743 1744 ctera
764 1679 983 1743 Luimbrudcr
996 1679 1162 1743 Friedrich
1182 1700 1241 1744 ooo
1261 1678 1347 1743 Beob
1366 1681 1436 1744 aad
1455 1681 1563 1745 desset
1577 1680 1804 1745 Gescbeoistora

595 1778 757 1862 poenitenti
776 1778 825 1840 c'st.

577 1878 626 1942 Ne
647 1897 697 1959 ea,
719 1894 780 1958 que
800 1880 951 1958 geruntur
970 1876 1003 1940 in
1022 1880 1172 1959 tempore,
1194 1874 1287 1941 simul
1308 1882 1501 1941 evanescant
1523 1895 1593 1941 cum
1614 1875 1707 1960 lapsu
1729 1883 1806 1941 tem·

494 1968 594 2053 poris,
629 1964 760 2049 expedit
784 1984 835 2029 res
862 1969 972 2046 gestas
1002 1965 1229 2048 scripturarum
1259 1964 1439 2029 testimonio
1472 1965 1672 2047 perhennari.
1721 1966 1804 2030 Hinc

495 2064 558 2138 est,
579 2054 663 2138 quod
683 2073 742 2120 nos
762 2053 963 2119 llenuannus
983 2054 1177 2137 prepositus,
1200 2052 1388 2118 Adelheidis
1408 2054 1588 2136 abbatissa,
1615 2054 1805 2121 Adelheidis

494 2147 649 2231 priorissa
673 2149 818 2224 totusque
845 2150 1018 2208 conventus
1044 2142 1331 2207 sanctimonialium
1362 2143 1496 2208 ecclesie
1523 2144 1606 2209 sacri
1636 2144 1804 2225 sanguinis

494 2237 566 2301 Iesu
578 2233 696 2300 Christi
710 2234 743 2296 in
756 2232 929 2297 Waterlere
945 2233 1200 2313 recognoscimus
1220 2231 1419 2314 presentibus
1441 2231 1567 2315 publice
1589 2232 1805 2316 protestando,

495 2323 579 2407 quod
600 2319 764 2389 Corradus
784 2320 825 2385 de
847 2321 1066 2403 Vekenstede,
1091 2321 1172 2386 civis
1192 2322 1226 2384 in
1246 2320 1421 2403 Osterwik,
1440 2321 1704 2404 Margarethuque
1726 2341 1805 2387 uxor

495 2417 575 2480 sua¹
602 2420 635 2478 et
654 2413 703 2477 sui
722 2411 790 2476 veri
811 2410 945 2476 heredes
973 2416 1081 2476 tenent
1107 2410 1148 2473 ab
1175 2409 1312 2474 ecclesia
1338 2417 1446 2474 nostra
1466 2409 1632 2474 dimidium
1658 2431 1803 2477 mansum

494 2504 590 2569 situm
617 2501 650 2565 in
682 2499 803 2582 campis
835 2498 920 2563 dicte
953 2499 1095 2563 civitatis
1126 2499 1194 2562 iure
1221 2498 1413 2563 hereditario
1440 2498 1682 2583 possidendum,
1713 2500 1804 2563 ouius

493 2591 725 2676 proprietatem,
744 2587 865 2652 honesti
887 2589 949 2652 viri
967 2587 1080 2652 fratres
1098 2586 1139 2650 de
1160 2585 1243 2667 Bek,
1262 2586 1384 2652 scilicet
1404 2586 1501 2652 irater
1521 2586 1709 2652 Fredericus
1732 2608 1804 2652 cou-

494 2697 606 2745 versus
627 2682 747 2755 noster,
768 2674 957 2741 Thidericus
979 2682 1011 2740 et
1033 2674 1181 2738 Hinrious
1203 2674 1328 2754 famuli,
1349 2672 1403 2761 [et]
1424 2674 1552 2739 domina
1572 2676 1710 2758 Ioanna,
1740 2696 1804 2740 nro·

495 2767 592 2835 nialis
614 2767 647 2830 in
667 2764 839 2844 Adesleve‚
865 2784 953 2830 soror
978 2765 1134 2848 ipsorum,
1162 2762 1295 2829 ecclesie
1320 2771 1425 2828 nostre
1446 2769 1574 2847 propter
1594 2764 1687 2829 deum
1709 2771 1742 2830 ct
1762 2766 1803 2829 ob

494 2857 705 2925 reverentiam
729 2855 812 2919 sacri
834 2853 1001 2936 sanguinis
1021 2853 1230 2933 coutulerunt,
1250 2852 1291 2917 de
1311 2871 1373 2934 quo
1395 2852 1528 2917 dimidio
1549 2872 1659 2917 manso
1677 2853 1805 2918 dabitur

494 2945 660 3013 aunuatim
686 2943 771 3009 dicte
794 2943 928 3009 ecclesie
956 2946 1061 3005 nostre
1088 2957 1168 3004 unus
1194 2942 1257 3006 loto
1284 2940 1404 3005 usualis
1429 2942 1554 3023 argenti
1581 2942 1614 3004 in
1642 2940 1695 3005 die
1718 2940 1802 3006 beati

496 3037 582 3103 Galli
618 3036 712 3101 annis
747 3032 883 3115 singulis
916 3027 1153 3114 persolvendus.
1203 3028 1353 3093 Preterea
1388 3038 1593 3094 memoratum
1624 3030 1803 3095 Conradum

495 3148 565 3194 cum
591 3124 737 3192 omnihus
762 3124 829 3187 suis
856 3120 940 3185 veris
966 3116 1138 3183 heredibus
1169 3118 1201 3183 in
1231 3118 1317 3184 dioto
1345 3118 1478 3183 dimidio
1504 3137 1615 3184 menso
1636 3118 1803 3182 waranda-
1914 3124 1925 3139 ·

497 3218 609 3295 bimus,
631 3217 694 3280 imo
715 3210 916 3298 presentibus
936 3205 1169 3273 warandamus.

575 3305 701 3370 Testes:
733 3302 869 3366 loannes
886 3294 983 3361 iudex
1003 3296 1037 3358 in
1058 3294 1234 3374 Osterwik,
1261 3296 1393 3361 Carolus
1413 3294 1454 3360 de
1476 3294 1705 3379 Hoppelstude,
1728 3296 1804 3361 Hin-

494 3396 578 3461 rious
599 3394 639 3459 de
661 3392 831 3471 Sohowen,
850 3385 1040 3450 'lhiderious
1065 3383 1106 3449 de
1127 3383 1302 3461 Dedeleve‚
1333 3385 1506 3467 burgenses
1527 3384 1659 3466 ibidem3
1685 3385 1805 3451 Frede-

493 3486 579 3553 ricus
599 3483 774 3549 advocatus
795 3478 836 3542 de
857 3474 1068 3553 Vehenstede,
1087 3472 1275 3538 Thidericus
1297 3473 1471 3538 decimator
1492 3473 1532 3537 de
1552 3473 1717 3539 Schowen.

576 3576 695 3639 Datum
715 3587 799 3633 anno
817 3565 936 3630 domini
958 3562 1213 3645 M⁰CCO⁰XXV⁰,
1235 3564 1268 3628 in
1289 3562 1342 3627 die
1364 3562 1450 3627 beati
1471 3562 1597 3629 Nicolai
1618 3564 1771 3647 episcopi.

566 3692 629 3745 Aac
654 3686 809 3741 Neruam
836 3678 1150 3749 litteratim-Auamma
1176 3678 1227 3733 duo
1250 3678 1316 3746 Scire
1342 3678 1370 3733 S.
1388 3678 1546 3732 Burcbardr'
1571 3680 1601 3731 ia
1629 3678 1805 3735 Hrrlbcmtadt

496 3765 558 3819 cerr.
578 3762 622 3815 Bt.
640 3758 682 3812 3⁸.

569 3831 598 3900 1)
614 3828 701 3885 saa:
718 3824 815 3892 Mag,
833 3836 901 3893 quae
918 3835 984 3875 uxor
1002 3819 1062 3876 luit.

497 3986 609 4070 1327,
635 3980 756 4065 lliiru
775 3978 840 4061 26.
1739 3978 1803 4061 79.

597 4116 669 4183 Dos
689 4113 820 4179 Kloster
847 4111 1000 4177 Woterler
1018 4112 1131 4175 oioroct
1155 4112 1216 4175 deo
1235 4108 1372 4175 Kalend
1397 4128 1440 4175 ao
1459 4108 1633 4175 Eileostedt
1656 4111 1693 4177 io
1720 4114 1804 4177 setae

599 4212 831 4294 Britdersobaft
849 4210 919 4275 uod
940 4210 975 4274 io
993 4210 1045 4274 die
1067 4210 1301 4289 Gouoo’osoboft
1318 4207 1421 4271 seiher
1438 4212 1534 4287 puteo
1554 4207 1665 4273 Wcrbe
1684 4212 1753 4291 auf.

579 4313 616 4376 In
643 4310 772 4376 nomine
798 4310 918 4375 domini
945 4328 1047 4373 amen.
1089 4308 1297 4387 Dicitituro),
1323 4306 1400 4387 quia
1429 4304 1532 4371 fidelis
1562 4307 1684 4372 amicus
1719 4308 1803 4373 omni

497 4409 639 4487 tempore
659 4400 778 4483 diligit,
804 4399 880 4464 hinc
900 4405 964 4481 eet,
992 4396 1077 4481 quod
1097 4416 1156 4462 nos
1176 4396 1375 4461 Hermannus
1393 4395 1587 4478 prepositus,
1608 4394 1805 4479 Adelheydis

496 4491 674 4568 abbatissa,
705 4487 902 4573 Adclheydie
933 4488 1089 4573 priorissa
1124 4492 1269 4567 totusque
1305 4488 1479 4551 conventus
1514 4484 1803 4551 sanctimonialium
