<?xml version="1.0" encoding="UTF-8"?>
<!DOCTYPE html PUBLIC "-//W3C//DTD XHTML 1.0 Transitional//EN"
    "http://www.w3.org/TR/xhtml1/DTD/xhtml1-transitional.dtd">
<html xmlns="http://www.w3.org/1999/xhtml" xml:lang="en" lang="en">
 <head>
  <title>
</title>
<meta http-equiv="Content-Type" content="text/html;charset=utf-8" />
  <meta name='ocr-system' content='tesseract 3.04.00' />
  <meta name='ocr-capabilities' content='ocr_page ocr_carea ocr_par ocr_line ocrx_word'/>
</head>
<body>
  <div class='ocr_page' id='page_1' title='image "./urkundenbuchder00nunsgoog_0177.png"; bbox 0 0 4459 5167; ppageno 0'>
   <div class='ocr_carea' id='block_1_1' title="bbox 510 313 1502 386">
    <p class='ocr_par' dir='ltr' id='par_1_1' title="bbox 510 313 1502 386">
     <span class='ocr_line' id='line_1_1' title="bbox 510 313 1502 386; baseline -0.005 -13"><span class='ocrx_word' id='word_1_1' title='bbox 510 317 562 373; x_wconf 78' lang='lat'><strong>152</strong></span> <span class='ocrx_word' id='word_1_2' title='bbox 639 361 643 366; x_wconf 84' lang='grc'><em>,</em></span> <span class='ocrx_word' id='word_1_3' title='bbox 824 314 990 384; x_wconf 72' lang='lat' dir='ltr'><strong>Augustiner</strong></span> <span class='ocrx_word' id='word_1_4' title='bbox 1006 313 1257 370; x_wconf 83' lang='lat' dir='ltr'><strong>Einsiedlerkloster</strong></span> <span class='ocrx_word' id='word_1_5' title='bbox 1274 315 1502 386; x_wconf 86' lang='lat' dir='ltr'><strong>Himmelpiorten.</strong></span> 
     </span>
    </p>
   </div>
   <div class='ocr_carea' id='block_1_2' title="bbox 506 461 1819 3126">
    <p class='ocr_par' dir='ltr' id='par_1_2' title="bbox 506 461 1818 1792">
     <span class='ocr_line' id='line_1_2' title="bbox 506 461 1818 549; baseline -0.006 -17"><span class='ocrx_word' id='word_1_6' title='bbox 506 466 714 546; x_wconf 86' lang='lat' dir='ltr'><strong>monasteria,</strong></span> <span class='ocrx_word' id='word_1_7' title='bbox 735 470 907 529; x_wconf 91' lang='lat' dir='ltr'><strong>conventus</strong></span> <span class='ocrx_word' id='word_1_8' title='bbox 928 470 960 526; x_wconf 92' lang='lat' dir='ltr'><strong>et</strong></span> <span class='ocrx_word' id='word_1_9' title='bbox 979 481 1112 545; x_wconf 81' lang='lat' dir='ltr'>persone</span> <span class='ocrx_word' id='word_1_10' title='bbox 1124 465 1158 540; x_wconf 88' lang='lat' dir='ltr'><strong>(l)</strong></span> <span class='ocrx_word' id='word_1_11' title='bbox 1178 463 1299 529; x_wconf 81' lang='lat' dir='ltr'>ordinis</span> <span class='ocrx_word' id='word_1_12' title='bbox 1317 464 1454 549; x_wconf 91' lang='lat' dir='ltr'><strong>predicti</strong></span> <span class='ocrx_word' id='word_1_13' title='bbox 1474 461 1530 528; x_wconf 93' lang='lat' dir='ltr'><strong>ubi</strong></span> <span class='ocrx_word' id='word_1_14' title='bbox 1542 461 1596 546; x_wconf 66' lang='lat'><strong>(5²),</strong></span> <span class='ocrx_word' id='word_1_15' title='bbox 1616 469 1652 524; x_wconf 91' lang='lat' dir='ltr'><strong>ut</strong></span> <span class='ocrx_word' id='word_1_16' title='bbox 1672 461 1818 542; x_wconf 82' lang='lat' dir='ltr'><strong>assernit,</strong></span> 
     </span>
     <span class='ocr_line' id='line_1_3' title="bbox 507 549 1818 641; baseline -0.005 -20"><span class='ocrx_word' id='word_1_17' title='bbox 507 562 687 641; x_wconf 91' lang='lat' dir='ltr'><strong>proponunt</strong></span> <span class='ocrx_word' id='word_1_18' title='bbox 707 573 830 636; x_wconf 82' lang='lat' dir='ltr'>queque</span> <span class='ocrx_word' id='word_1_19' title='bbox 850 553 1017 618; x_wconf 80' lang='lat' dir='ltr'><strong>obviatum</strong></span> <span class='ocrx_word' id='word_1_20' title='bbox 1039 559 1070 617; x_wconf 89' lang='lat' dir='ltr'><strong>et</strong></span> <span class='ocrx_word' id='word_1_21' title='bbox 1093 553 1160 618; x_wconf 87' lang='lat' dir='ltr'><strong>alia</strong></span> <span class='ocrx_word' id='word_1_22' title='bbox 1180 554 1378 618; x_wconf 79' lang='lat' dir='ltr'><strong>imminentia</strong></span> <span class='ocrx_word' id='word_1_23' title='bbox 1400 552 1541 636; x_wconf 88' lang='lat' dir='ltr'><strong>pericula</strong></span> <span class='ocrx_word' id='word_1_24' title='bbox 1562 569 1623 615; x_wconf 92' lang='lat' dir='ltr'><strong>non</strong></span> <span class='ocrx_word' id='word_1_25' title='bbox 1646 549 1759 615; x_wconf 90' lang='lat' dir='ltr'><strong>leviter</strong></span> <span class='ocrx_word' id='word_1_26' title='bbox 1776 550 1818 616; x_wconf 89' lang='lat' dir='ltr'><strong>de</strong></span> 
     </span>
     <span class='ocr_line' id='line_1_4' title="bbox 507 641 1817 726; baseline -0.004 -17"><span class='ocrx_word' id='word_1_27' title='bbox 507 646 575 711; x_wconf 90' lang='lat' dir='ltr'><strong>loco</strong></span> <span class='ocrx_word' id='word_1_28' title='bbox 597 643 637 706; x_wconf 90' lang='lat' dir='ltr'><strong>ad</strong></span> <span class='ocrx_word' id='word_1_29' title='bbox 660 646 762 709; x_wconf 91' lang='lat' dir='ltr'><strong>locum</strong></span> <span class='ocrx_word' id='word_1_30' title='bbox 778 642 839 707; x_wconf 91' lang='lat' dir='ltr'><strong>hue</strong></span> <span class='ocrx_word' id='word_1_31' title='bbox 855 643 993 723; x_wconf 89' lang='lat' dir='ltr'><strong>illucque</strong></span> <span class='ocrx_word' id='word_1_32' title='bbox 1015 689 1103 707; x_wconf 90' lang='grc'><strong>.....</strong></span> <span class='ocrx_word' id='word_1_33' title='bbox 1125 642 1288 708; x_wconf 80' lang='lat' dir='ltr'><strong>transduci</strong></span> <span class='ocrx_word' id='word_1_34' title='bbox 1302 649 1443 726; x_wconf 84' lang='lat' dir='ltr'><strong>possunt,</strong></span> <span class='ocrx_word' id='word_1_35' title='bbox 1463 641 1633 722; x_wconf 89' lang='lat' dir='ltr'><strong>diligenter</strong></span> <span class='ocrx_word' id='word_1_36' title='bbox 1648 641 1817 706; x_wconf 90' lang='lat' dir='ltr'><strong>transsumi</strong></span> 
     </span>
     <span class='ocr_line' id='line_1_5' title="bbox 506 727 1817 817; baseline -0.003 -19"><span class='ocrx_word' id='word_1_37' title='bbox 506 741 539 799; x_wconf 93' lang='lat' dir='ltr'><strong>et</strong></span> <span class='ocrx_word' id='word_1_38' title='bbox 558 732 731 817; x_wconf 84' lang='lat' dir='ltr'><strong>exemplari</strong></span> <span class='ocrx_word' id='word_1_39' title='bbox 753 732 845 797; x_wconf 88' lang='lat' dir='ltr'><strong>acin</strong></span> <span class='ocrx_word' id='word_1_40' title='bbox 868 729 1029 814; x_wconf 73' lang='lat' dir='ltr'><strong>publicam</strong></span> <span class='ocrx_word' id='word_1_41' title='bbox 1048 730 1181 796; x_wconf 89' lang='lat' dir='ltr'><strong>formam</strong></span> <span class='ocrx_word' id='word_1_42' title='bbox 1202 731 1305 814; x_wconf 81' lang='lat' dir='ltr'><strong>redigi</strong></span> <span class='ocrx_word' id='word_1_43' title='bbox 1327 732 1479 796; x_wconf 88' lang='lat' dir='ltr'><strong>mandare</strong></span> <span class='ocrx_word' id='word_1_44' title='bbox 1490 729 1703 812; x_wconf 85' lang='lat' dir='ltr'><strong>dignaremur,</strong></span> <span class='ocrx_word' id='word_1_45' title='bbox 1725 727 1817 794; x_wconf 87' lang='lat' dir='ltr'><strong>nobis</strong></span> 
     </span>
     <span class='ocr_line' id='line_1_6' title="bbox 507 816 1816 906; baseline -0.006 -18"><span class='ocrx_word' id='word_1_46' title='bbox 507 823 678 889; x_wconf 86' lang='lat' dir='ltr'><strong>instantius</strong></span> <span class='ocrx_word' id='word_1_47' title='bbox 708 821 911 906; x_wconf 79' lang='lat' dir='ltr'><strong>supplicavit.</strong></span> <span class='ocrx_word' id='word_1_48' title='bbox 958 820 1026 886; x_wconf 89' lang='lat' dir='ltr'><strong>Nos</strong></span> <span class='ocrx_word' id='word_1_49' title='bbox 1060 839 1137 887; x_wconf 88' lang='lat' dir='ltr'><strong>vero</strong></span> <span class='ocrx_word' id='word_1_50' title='bbox 1165 821 1453 904; x_wconf 85' lang='lat' dir='ltr'><strong>supplicationibus</strong></span> <span class='ocrx_word' id='word_1_51' title='bbox 1486 816 1663 882; x_wconf 90' lang='lat' dir='ltr'><strong>huiusmodi</strong></span> <span class='ocrx_word' id='word_1_52' title='bbox 1689 863 1816 881; x_wconf 90' lang='lat'><strong>.....</strong></span> 
     </span>
     <span class='ocr_line' id='line_1_7' title="bbox 506 906 1817 996; baseline -0.004 -20"><span class='ocrx_word' id='word_1_53' title='bbox 506 912 630 978; x_wconf 80' lang='lat' dir='ltr'><strong>litteras</strong></span> <span class='ocrx_word' id='word_1_54' title='bbox 658 912 820 996; x_wconf 90' lang='lat' dir='ltr'><strong>predictas</strong></span> <span class='ocrx_word' id='word_1_55' title='bbox 850 909 1044 992; x_wconf 83' lang='lat' dir='ltr'><strong>recepimus,</strong></span> <span class='ocrx_word' id='word_1_56' title='bbox 1086 911 1317 992; x_wconf 87' lang='lat' dir='ltr'><strong>recensuimus,</strong></span> <span class='ocrx_word' id='word_1_57' title='bbox 1356 908 1608 974; x_wconf 83' lang='lat' dir='ltr'><strong>examinavimus</strong></span> <span class='ocrx_word' id='word_1_58' title='bbox 1645 906 1817 989; x_wconf 85' lang='lat' dir='ltr'><strong>diligenter</strong></span> 
     </span>
     <span class='ocr_line' id='line_1_8' title="bbox 507 994 1818 1088; baseline -0.005 -21"><span class='ocrx_word' id='word_1_59' title='bbox 507 1002 657 1088; x_wconf 87' lang='lat' dir='ltr'><strong>ipsasque</strong></span> <span class='ocrx_word' id='word_1_60' title='bbox 678 1000 786 1064; x_wconf 86' lang='lat' dir='ltr'><strong>taliter</strong></span> <span class='ocrx_word' id='word_1_61' title='bbox 805 999 985 1064; x_wconf 84' lang='lat' dir='ltr'><strong>invenimus</strong></span> <span class='ocrx_word' id='word_1_62' title='bbox 1006 1018 1120 1079; x_wconf 90' lang='lat' dir='ltr'><strong>sanas,</strong></span> <span class='ocrx_word' id='word_1_63' title='bbox 1140 999 1296 1081; x_wconf 84' lang='lat' dir='ltr'><strong>integras,</strong></span> <span class='ocrx_word' id='word_1_64' title='bbox 1323 999 1444 1072; x_wconf 89' lang='lat' dir='ltr'><strong>illesas,</strong></span> <span class='ocrx_word' id='word_1_65' title='bbox 1465 996 1591 1062; x_wconf 90' lang='lat' dir='ltr'><strong>validas</strong></span> <span class='ocrx_word' id='word_1_66' title='bbox 1612 1002 1643 1062; x_wconf 88' lang='lat' dir='ltr'><strong>et</strong></span> <span class='ocrx_word' id='word_1_67' title='bbox 1663 994 1818 1075; x_wconf 87' lang='lat' dir='ltr'><strong>efficaces,</strong></span> 
     </span>
     <span class='ocr_line' id='line_1_9' title="bbox 507 1085 1817 1157; baseline -0.005 0"><span class='ocrx_word' id='word_1_68' title='bbox 507 1111 546 1157; x_wconf 90' lang='lat' dir='ltr'><strong>ac</strong></span> <span class='ocrx_word' id='word_1_69' title='bbox 566 1089 670 1156; x_wconf 82' lang='lat' dir='ltr'><strong>felicis</strong></span> <span class='ocrx_word' id='word_1_70' title='bbox 690 1086 918 1153; x_wconf 89' lang='lat' dir='ltr'><strong>recordationis</strong></span> <span class='ocrx_word' id='word_1_71' title='bbox 941 1133 1071 1153; x_wconf 90' lang='grc'><strong>.....</strong></span> <span class='ocrx_word' id='word_1_72' title='bbox 1093 1086 1290 1153; x_wconf 91' lang='lat' dir='ltr'><strong>dominorum</strong></span> <span class='ocrx_word' id='word_1_73' title='bbox 1308 1085 1461 1150; x_wconf 87' lang='lat' dir='ltr'><strong>Bonil&#39;aeii</strong></span> <span class='ocrx_word' id='word_1_74' title='bbox 1477 1085 1583 1150; x_wconf 86' lang='lat' dir='ltr'><strong>octavi</strong></span> <span class='ocrx_word' id='word_1_75' title='bbox 1599 1090 1631 1150; x_wconf 90' lang='lat' dir='ltr'><strong>et</strong></span> <span class='ocrx_word' id='word_1_76' title='bbox 1646 1085 1817 1150; x_wconf 84' lang='lat' dir='ltr'><strong>Clementis</strong></span> 
     </span>
     <span class='ocr_line' id='line_1_10' title="bbox 506 1173 1817 1261; baseline -0.004 -16"><span class='ocrx_word' id='word_1_77' title='bbox 506 1179 588 1245; x_wconf 85' lang='lat' dir='ltr'><strong>sexti</strong></span> <span class='ocrx_word' id='word_1_78' title='bbox 611 1177 723 1243; x_wconf 90' lang='lat' dir='ltr'><strong>divina</strong></span> <span class='ocrx_word' id='word_1_79' title='bbox 743 1175 948 1261; x_wconf 89' lang='lat' dir='ltr'><strong>providentia</strong></span> <span class='ocrx_word' id='word_1_80' title='bbox 968 1175 1043 1240; x_wconf 92' lang='lat' dir='ltr'><strong>dum</strong></span> <span class='ocrx_word' id='word_1_81' title='bbox 1065 1181 1197 1258; x_wconf 82' lang='lat' dir='ltr'><strong>egerunt</strong></span> <span class='ocrx_word' id='word_1_82' title='bbox 1217 1176 1251 1240; x_wconf 93' lang='lat' dir='ltr'><strong>in</strong></span> <span class='ocrx_word' id='word_1_83' title='bbox 1273 1175 1421 1240; x_wconf 90' lang='lat' dir='ltr'><strong>humanis</strong></span> <span class='ocrx_word' id='word_1_84' title='bbox 1443 1175 1527 1240; x_wconf 87' lang='lat' dir='ltr'><strong>veris</strong></span> <span class='ocrx_word' id='word_1_85' title='bbox 1543 1173 1638 1239; x_wconf 90' lang='lat' dir='ltr'><strong>bullis</strong></span> <span class='ocrx_word' id='word_1_86' title='bbox 1659 1174 1817 1257; x_wconf 88' lang='lat' dir='ltr'><strong>plumbeis</strong></span> 
     </span>
     <span class='ocr_line' id='line_1_11' title="bbox 508 1262 1818 1348; baseline -0.004 -15"><span class='ocrx_word' id='word_1_87' title='bbox 508 1270 541 1333; x_wconf 94' lang='lat' dir='ltr'><strong>in</strong></span> <span class='ocrx_word' id='word_1_88' title='bbox 554 1267 616 1332; x_wconf 88' lang='lat' dir='ltr'><strong>iilis</strong></span> <span class='ocrx_word' id='word_1_89' title='bbox 626 1266 736 1332; x_wconf 90' lang='lat' dir='ltr'><strong>sericis</strong></span> <span class='ocrx_word' id='word_1_90' title='bbox 757 1312 883 1330; x_wconf 94' lang='grc'><strong>.....</strong></span> <span class='ocrx_word' id='word_1_91' title='bbox 905 1265 1018 1330; x_wconf 90' lang='lat' dir='ltr'><strong>coloris</strong></span> <span class='ocrx_word' id='word_1_92' title='bbox 1040 1265 1297 1348; x_wconf 89' lang='lat' dir='ltr'><strong>impendentibus</strong></span> <span class='ocrx_word' id='word_1_93' title='bbox 1312 1283 1398 1329; x_wconf 90' lang='lat' dir='ltr'><strong>more</strong></span> <span class='ocrx_word' id='word_1_94' title='bbox 1410 1263 1549 1328; x_wconf 89' lang='lat' dir='ltr'><strong>Romane</strong></span> <span class='ocrx_word' id='word_1_95' title='bbox 1571 1264 1656 1328; x_wconf 90' lang='lat' dir='ltr'><strong>curie</strong></span> <span class='ocrx_word' id='word_1_96' title='bbox 1670 1262 1818 1344; x_wconf 71' lang='lat' dir='ltr'><strong>bullatam,</strong></span> 
     </span>
     <span class='ocr_line' id='line_1_12' title="bbox 507 1351 1818 1441; baseline -0.002 -20"><span class='ocrx_word' id='word_1_97' title='bbox 507 1353 741 1441; x_wconf 90' lang='lat' dir='ltr'><strong>propterquod</strong></span> <span class='ocrx_word' id='word_1_98' title='bbox 763 1353 852 1437; x_wconf 88' lang='lat' dir='ltr'><strong>ipsas</strong></span> <span class='ocrx_word' id='word_1_99' title='bbox 872 1372 930 1436; x_wconf 90' lang='lat' dir='ltr'><strong>per</strong></span> <span class='ocrx_word' id='word_1_100' title='bbox 948 1352 1131 1418; x_wconf 85' lang='lat' dir='ltr'><strong>Tiderieum</strong></span> <span class='ocrx_word' id='word_1_101' title='bbox 1153 1352 1350 1435; x_wconf 87' lang='lat' dir='ltr'><strong>Domenitze,</strong></span> <span class='ocrx_word' id='word_1_102' title='bbox 1370 1352 1518 1416; x_wconf 89' lang='lat' dir='ltr'><strong>clericum</strong></span> <span class='ocrx_word' id='word_1_103' title='bbox 1537 1351 1818 1418; x_wconf 87' lang='lat' dir='ltr'><strong>Halborstadensis</strong></span> 
     </span>
     <span class='ocr_line' id='line_1_13' title="bbox 508 1439 1817 1525; baseline -0.002 -16"><span class='ocrx_word' id='word_1_104' title='bbox 508 1443 657 1524; x_wconf 88' lang='lat' dir='ltr'><strong>diocesis,</strong></span> <span class='ocrx_word' id='word_1_105' title='bbox 678 1442 845 1521; x_wconf 90' lang='lat' dir='ltr'><strong>notarium,</strong></span> <span class='ocrx_word' id='word_1_106' title='bbox 867 1441 1078 1524; x_wconf 88' lang='lat' dir='ltr'><strong>subscriptum</strong></span> <span class='ocrx_word' id='word_1_107' title='bbox 1098 1439 1235 1504; x_wconf 91' lang='lat' dir='ltr'><strong>fideliter</strong></span> <span class='ocrx_word' id='word_1_108' title='bbox 1256 1441 1440 1506; x_wconf 87' lang='lat' dir='ltr'><strong>transscribi</strong></span> <span class='ocrx_word' id='word_1_109' title='bbox 1463 1443 1506 1518; x_wconf 89' lang='lat' dir='ltr'><strong>[et</strong></span> <span class='ocrx_word' id='word_1_110' title='bbox 1525 1440 1557 1504; x_wconf 95' lang='lat' dir='ltr'><strong>in</strong></span> <span class='ocrx_word' id='word_1_111' title='bbox 1570 1440 1665 1525; x_wconf 76' lang='lat' dir='ltr'><strong>hanc]</strong></span> <span class='ocrx_word' id='word_1_112' title='bbox 1686 1442 1817 1506; x_wconf 85' lang='lat' dir='ltr'><strong>fonnem</strong></span> 
     </span>
     <span class='ocr_line' id='line_1_14' title="bbox 507 1528 1817 1615; baseline -0.002 -16"><span class='ocrx_word' id='word_1_113' title='bbox 507 1532 611 1615; x_wconf 83' lang='lat' dir='ltr'><strong>redigi</strong></span> <span class='ocrx_word' id='word_1_114' title='bbox 639 1531 860 1596; x_wconf 86' lang='lat' dir='ltr'><strong>mandavimus</strong></span> <span class='ocrx_word' id='word_1_115' title='bbox 884 1529 925 1594; x_wconf 90' lang='lat' dir='ltr'><strong>dc</strong></span> <span class='ocrx_word' id='word_1_116' title='bbox 954 1530 1051 1594; x_wconf 91' lang='lat' dir='ltr'><strong>verbo</strong></span> <span class='ocrx_word' id='word_1_117' title='bbox 1076 1529 1292 1612; x_wconf 83' lang='lat' dir='ltr'><strong>adverbum,</strong></span> <span class='ocrx_word' id='word_1_118' title='bbox 1321 1531 1367 1594; x_wconf 93' lang='lat' dir='ltr'><strong>nil</strong></span> <span class='ocrx_word' id='word_1_119' title='bbox 1387 1528 1535 1594; x_wconf 88' lang='lat' dir='ltr'><strong>addendo</strong></span> <span class='ocrx_word' id='word_1_120' title='bbox 1557 1533 1608 1596; x_wconf 89' lang='lat' dir='ltr'><strong>vol</strong></span> <span class='ocrx_word' id='word_1_121' title='bbox 1634 1531 1817 1612; x_wconf 89' lang='lat' dir='ltr'><strong>omittendo,</strong></span> 
     </span>
     <span class='ocr_line' id='line_1_15' title="bbox 508 1619 1817 1706; baseline -0.001 -19"><span class='ocrx_word' id='word_1_122' title='bbox 508 1640 567 1706; x_wconf 87' lang='lat' dir='ltr'><strong>per</strong></span> <span class='ocrx_word' id='word_1_123' title='bbox 586 1620 671 1704; x_wconf 89' lang='lat' dir='ltr'><strong>quod</strong></span> <span class='ocrx_word' id='word_1_124' title='bbox 693 1619 871 1685; x_wconf 88' lang='lat' dir='ltr'><strong>intellectus</strong></span> <span class='ocrx_word' id='word_1_125' title='bbox 894 1619 1053 1684; x_wconf 89' lang='lat' dir='ltr'><strong>immutari</strong></span> <span class='ocrx_word' id='word_1_126' title='bbox 1075 1619 1191 1702; x_wconf 90' lang='lat' dir='ltr'><strong>poterit</strong></span> <span class='ocrx_word' id='word_1_127' title='bbox 1211 1619 1392 1684; x_wconf 89' lang='lat' dir='ltr'><strong>earundem.</strong></span> <span class='ocrx_word' id='word_1_128' title='bbox 1434 1619 1539 1684; x_wconf 82' lang='lat' dir='ltr'><strong>&#39;lenor</strong></span> <span class='ocrx_word' id='word_1_129' title='bbox 1551 1620 1650 1703; x_wconf 90' lang='lat' dir='ltr'><strong>prime</strong></span> <span class='ocrx_word' id='word_1_130' title='bbox 1661 1620 1817 1686; x_wconf 88' lang='lat' dir='ltr'><strong>dictarum</strong></span> 
     </span>
     <span class='ocr_line' id='line_1_16' title="bbox 509 1707 1775 1792; baseline -0.002 -15"><span class='ocrx_word' id='word_1_131' title='bbox 509 1711 685 1777; x_wconf 89' lang='lat' dir='ltr'><strong>litterarum</strong></span> <span class='ocrx_word' id='word_1_132' title='bbox 705 1707 951 1792; x_wconf 88' lang='lat' dir='ltr'><strong>apostolicarum</strong></span> <span class='ocrx_word' id='word_1_133' title='bbox 973 1707 1014 1773; x_wconf 90' lang='lat' dir='ltr'><strong>de</strong></span> <span class='ocrx_word' id='word_1_134' title='bbox 1034 1709 1132 1774; x_wconf 90' lang='lat' dir='ltr'><strong>verbo</strong></span> <span class='ocrx_word' id='word_1_135' title='bbox 1153 1707 1345 1774; x_wconf 89' lang='lat' dir='ltr'><strong>adverbum</strong></span> <span class='ocrx_word' id='word_1_136' title='bbox 1368 1759 1374 1773; x_wconf 94' lang='lat'><em>.</em></span> <span class='ocrx_word' id='word_1_137' title='bbox 1399 1757 1405 1770; x_wconf 95' lang='lat'>.</span> <span class='ocrx_word' id='word_1_138' title='bbox 1429 1758 1435 1771; x_wconf 90' lang='lat'><em>.</em></span> <span class='ocrx_word' id='word_1_139' title='bbox 1459 1707 1518 1772; x_wconf 89' lang='lat' dir='ltr'><strong>boc</strong></span> <span class='ocrx_word' id='word_1_140' title='bbox 1537 1709 1644 1774; x_wconf 91' lang='lat' dir='ltr'><strong>modo:</strong></span> <span class='ocrx_word' id='word_1_141' title='bbox 1768 1767 1775 1782; x_wconf 83' lang='grc'>,</span> 
     </span>
    </p>

    <p class='ocr_par' dir='ltr' id='par_1_3' title="bbox 608 1795 1817 1881">
     <span class='ocr_line' id='line_1_17' title="bbox 608 1795 1817 1881; baseline 0.002 -21"><span class='ocrx_word' id='word_1_142' title='bbox 608 1796 706 1880; x_wconf 77' lang='lat' dir='ltr'><strong>(Nun</strong></span> <span class='ocrx_word' id='word_1_143' title='bbox 726 1797 804 1879; x_wconf 76' lang='lat' dir='ltr'><strong>lolpt</strong></span> <span class='ocrx_word' id='word_1_144' title='bbox 822 1797 874 1860; x_wconf 81' lang='lat' dir='ltr'><strong>die</strong></span> <span class='ocrx_word' id='word_1_145' title='bbox 892 1797 967 1861; x_wconf 81' lang='lat' dir='ltr'><strong>oben</strong></span> <span class='ocrx_word' id='word_1_146' title='bbox 985 1795 1046 1860; x_wconf 89' lang='lat' dir='ltr'><strong>Nr.</strong></span> <span class='ocrx_word' id='word_1_147' title='bbox 1059 1801 1100 1860; x_wconf 79' lang='lat'><strong>41</strong></span> <span class='ocrx_word' id='word_1_148' title='bbox 1123 1797 1157 1859; x_wconf 83' lang='lat' dir='ltr'><strong>irc</strong></span> <span class='ocrx_word' id='word_1_149' title='bbox 1175 1798 1275 1860; x_wconf 73' lang='lat' dir='ltr'><strong>einen</strong></span> <span class='ocrx_word' id='word_1_150' title='bbox 1288 1796 1497 1876; x_wconf 70' lang='lat' dir='ltr'><strong>rrammmpr</strong></span> <span class='ocrx_word' id='word_1_151' title='bbox 1509 1797 1551 1862; x_wconf 91' lang='lat' dir='ltr'><strong>B.</strong></span> <span class='ocrx_word' id='word_1_152' title='bbox 1567 1796 1739 1881; x_wconf 68' lang='lat' dir='ltr'><strong>Sieptrimls</strong></span> <span class='ocrx_word' id='word_1_153' title='bbox 1759 1819 1817 1864; x_wconf 83' lang='lat' dir='ltr'><strong>oon</strong></span> 
     </span>
    </p>

    <p class='ocr_par' dir='ltr' id='par_1_4' title="bbox 609 1883 1819 1968">
     <span class='ocr_line' id='line_1_18' title="bbox 609 1883 1819 1968; baseline 0 -17"><span class='ocrx_word' id='word_1_154' title='bbox 609 1885 803 1951; x_wconf 75' lang='lat' dir='ltr'><strong>Hildeslteim</strong></span> <span class='ocrx_word' id='word_1_155' title='bbox 830 1885 1033 1966; x_wconf 80' lang='lat' dir='ltr'><strong>abpedrucltte</strong></span> <span class='ocrx_word' id='word_1_156' title='bbox 1059 1883 1158 1950; x_wconf 77' lang='lat' dir='ltr'><strong>Belle</strong></span> <span class='ocrx_word' id='word_1_157' title='bbox 1179 1884 1215 1948; x_wconf 92' lang='lat' dir='ltr'><strong>P.</strong></span> <span class='ocrx_word' id='word_1_158' title='bbox 1237 1886 1379 1968; x_wconf 66' lang='lat' dir='ltr'><strong>Bouttos</strong></span> <span class='ocrx_word' id='word_1_159' title='bbox 1404 1886 1512 1962; x_wconf 82' lang='lat' dir='ltr'><em>VIIL,</em></span> <span class='ocrx_word' id='word_1_160' title='bbox 1538 1885 1611 1949; x_wconf 83' lang='lat' dir='ltr'><strong>aber</strong></span> <span class='ocrx_word' id='word_1_161' title='bbox 1635 1887 1734 1964; x_wconf 69' lang='lat' dir='ltr'><strong>uidet,</strong></span> <span class='ocrx_word' id='word_1_162' title='bbox 1760 1888 1819 1951; x_wconf 83' lang='lat' dir='ltr'><strong>wie</strong></span> 
     </span>
    </p>

    <p class='ocr_par' dir='ltr' id='par_1_5' title="bbox 510 1973 1710 2146">
     <span class='ocr_line' id='line_1_19' title="bbox 609 1973 1710 2056; baseline 0.001 -17"><span class='ocrx_word' id='word_1_163' title='bbox 609 1975 694 2051; x_wconf 85' lang='lat' dir='ltr'><strong>dort,</strong></span> <span class='ocrx_word' id='word_1_164' title='bbox 721 1973 780 2038; x_wconf 80' lang='lat' dir='ltr'><strong>mit</strong></span> <span class='ocrx_word' id='word_1_165' title='bbox 800 1975 1003 2056; x_wconf 85' lang='lat' dir='ltr'><strong>pontificatus</strong></span> <span class='ocrx_word' id='word_1_166' title='bbox 1023 1975 1124 2040; x_wconf 90' lang='lat' dir='ltr'><strong>nostri</strong></span> <span class='ocrx_word' id='word_1_167' title='bbox 1144 1994 1228 2039; x_wconf 90' lang='lat' dir='ltr'><strong>anno</strong></span> <span class='ocrx_word' id='word_1_168' title='bbox 1247 1981 1370 2055; x_wconf 87' lang='lat' dir='ltr'><strong>octavo,</strong></span> <span class='ocrx_word' id='word_1_169' title='bbox 1390 1975 1525 2038; x_wconf 75' lang='lat' dir='ltr'><strong>scudem</strong></span> <span class='ocrx_word' id='word_1_170' title='bbox 1546 1979 1710 2056; x_wconf 86' lang='lat' dir='ltr'><strong>quarto.)</strong></span> 
     </span>
     <span class='ocr_line' id='line_1_20' title="bbox 510 2062 1396 2146; baseline -0.002 -16"><span class='ocrx_word' id='word_1_171' title='bbox 510 2065 616 2131; x_wconf 84' lang='lat' dir='ltr'><strong>Tener</strong></span> <span class='ocrx_word' id='word_1_172' title='bbox 636 2082 711 2129; x_wconf 91' lang='lat' dir='ltr'><strong>vero</strong></span> <span class='ocrx_word' id='word_1_173' title='bbox 732 2062 870 2129; x_wconf 89' lang='lat' dir='ltr'><strong>secunde</strong></span> <span class='ocrx_word' id='word_1_174' title='bbox 890 2063 995 2130; x_wconf 90' lang='lat' dir='ltr'><strong>littere</strong></span> <span class='ocrx_word' id='word_1_175' title='bbox 1015 2063 1164 2146; x_wconf 88' lang='lat' dir='ltr'><strong>sequitur,</strong></span> <span class='ocrx_word' id='word_1_176' title='bbox 1185 2069 1217 2128; x_wconf 91' lang='lat' dir='ltr'><strong>et</strong></span> <span class='ocrx_word' id='word_1_177' title='bbox 1238 2072 1287 2130; x_wconf 90' lang='lat' dir='ltr'><strong>est</strong></span> <span class='ocrx_word' id='word_1_178' title='bbox 1309 2064 1396 2128; x_wconf 88' lang='lat' dir='ltr'><strong>talis:</strong></span> 
     </span>
    </p>

    <p class='ocr_par' dir='ltr' id='par_1_6' title="bbox 509 2151 1818 2575">
     <span class='ocr_line' id='line_1_21' title="bbox 1001 2151 1340 2235; baseline 0.003 -20"><span class='ocrx_word' id='word_1_179' title='bbox 1001 2151 1074 2233; x_wconf 81' lang='lat' dir='ltr'><strong>(opi.</strong></span> <span class='ocrx_word' id='word_1_180' title='bbox 1095 2152 1170 2216; x_wconf 84' lang='lat' dir='ltr'><strong>oben</strong></span> <span class='ocrx_word' id='word_1_181' title='bbox 1189 2151 1250 2216; x_wconf 87' lang='lat' dir='ltr'><strong>Nr.</strong></span> <span class='ocrx_word' id='word_1_182' title='bbox 1275 2155 1340 2235; x_wconf 85' lang='lat'><strong><em>60).</em></strong></span> 
     </span>
     <span class='ocr_line' id='line_1_22' title="bbox 509 2240 1818 2326; baseline 0 -18"><span class='ocrx_word' id='word_1_183' title='bbox 509 2245 548 2308; x_wconf 93' lang='lat' dir='ltr'><strong>In</strong></span> <span class='ocrx_word' id='word_1_184' title='bbox 568 2261 699 2326; x_wconf 91' lang='lat' dir='ltr'><strong>quorum</strong></span> <span class='ocrx_word' id='word_1_185' title='bbox 720 2240 815 2307; x_wconf 91' lang='lat' dir='ltr'><strong>fidem</strong></span> <span class='ocrx_word' id='word_1_186' title='bbox 829 2261 960 2326; x_wconf 87' lang='lat' dir='ltr'><strong>presens</strong></span> <span class='ocrx_word' id='word_1_187' title='bbox 973 2247 1221 2325; x_wconf 88' lang='lat' dir='ltr'><strong>transsumptum</strong></span> <span class='ocrx_word' id='word_1_188' title='bbox 1234 2261 1290 2326; x_wconf 93' lang='lat' dir='ltr'><strong>per</strong></span> <span class='ocrx_word' id='word_1_189' title='bbox 1304 2242 1461 2326; x_wconf 85' lang='lat' dir='ltr'><strong>prefatum</strong></span> <span class='ocrx_word' id='word_1_190' title='bbox 1471 2241 1650 2308; x_wconf 84' lang='lat' dir='ltr'><strong>Tidericum</strong></span> <span class='ocrx_word' id='word_1_191' title='bbox 1662 2243 1818 2310; x_wconf 88' lang='lat' dir='ltr'><strong>notarium</strong></span> 
     </span>
     <span class='ocr_line' id='line_1_23' title="bbox 509 2329 1817 2416; baseline 0.002 -20"><span class='ocrx_word' id='word_1_192' title='bbox 509 2331 671 2416; x_wconf 91' lang='lat' dir='ltr'><strong>publicum</strong></span> <span class='ocrx_word' id='word_1_193' title='bbox 706 2329 864 2396; x_wconf 87' lang='lat' dir='ltr'><strong>subscribi</strong></span> <span class='ocrx_word' id='word_1_194' title='bbox 901 2330 1062 2413; x_wconf 86' lang='lat' dir='ltr'><strong>nostrique</strong></span> <span class='ocrx_word' id='word_1_195' title='bbox 1092 2330 1192 2412; x_wconf 84' lang='lat' dir='ltr'><strong>sigilli</strong></span> <span class='ocrx_word' id='word_1_196' title='bbox 1234 2331 1432 2415; x_wconf 85' lang='lat' dir='ltr'><strong>appensione</strong></span> <span class='ocrx_word' id='word_1_197' title='bbox 1466 2351 1540 2396; x_wconf 51' lang='lat' dir='ltr'><strong>¹cum</strong></span> <span class='ocrx_word' id='word_1_198' title='bbox 1573 2331 1817 2415; x_wconf 89' lang='lat' dir='ltr'><strong>interposicione</strong></span> 
     </span>
     <span class='ocr_line' id='line_1_24' title="bbox 509 2417 1817 2504; baseline 0.004 -20"><span class='ocrx_word' id='word_1_199' title='bbox 509 2419 630 2486; x_wconf 89' lang='lat' dir='ltr'><strong>decreti</strong></span> <span class='ocrx_word' id='word_1_200' title='bbox 659 2419 700 2485; x_wconf 90' lang='lat' dir='ltr'><strong>de</strong></span> <span class='ocrx_word' id='word_1_201' title='bbox 733 2417 918 2484; x_wconf 87' lang='lat' dir='ltr'><strong>adhibenda</strong></span> <span class='ocrx_word' id='word_1_202' title='bbox 942 2417 1005 2484; x_wconf 88' lang='lat' dir='ltr'><strong>fide</strong></span> <span class='ocrx_word' id='word_1_203' title='bbox 1033 2417 1212 2484; x_wconf 89' lang='lat' dir='ltr'><strong>huiusmodi</strong></span> <span class='ocrx_word' id='word_1_204' title='bbox 1241 2425 1454 2504; x_wconf 89' lang='lat' dir='ltr'><strong>transsumpto</strong></span> <span class='ocrx_word' id='word_1_205' title='bbox 1482 2427 1634 2502; x_wconf 87' lang='lat' dir='ltr'><strong>quantum</strong></span> <span class='ocrx_word' id='word_1_206' title='bbox 1661 2421 1817 2489; x_wconf 88' lang='lat' dir='ltr'><strong>valuimus</strong></span> 
     </span>
     <span class='ocr_line' id='line_1_25' title="bbox 511 2507 832 2575; baseline -0.012 0"><span class='ocrx_word' id='word_1_207' title='bbox 511 2510 660 2575; x_wconf 82' lang='lat' dir='ltr'><strong>iussimus</strong></span> <span class='ocrx_word' id='word_1_208' title='bbox 681 2507 832 2572; x_wconf 91' lang='lat' dir='ltr'><strong>roborari.</strong></span> 
     </span>
    </p>

    <p class='ocr_par' dir='ltr' id='par_1_7' title="bbox 510 2596 1819 3126">
     <span class='ocr_line' id='line_1_26' title="bbox 591 2596 1818 2681; baseline 0.002 -20"><span class='ocrx_word' id='word_1_209' title='bbox 591 2596 710 2662; x_wconf 89' lang='lat' dir='ltr'><strong>Datum</strong></span> <span class='ocrx_word' id='word_1_210' title='bbox 737 2601 769 2663; x_wconf 90' lang='lat' dir='ltr'><strong>et</strong></span> <span class='ocrx_word' id='word_1_211' title='bbox 796 2605 901 2661; x_wconf 91' lang='lat' dir='ltr'><strong>actum</strong></span> <span class='ocrx_word' id='word_1_212' title='bbox 930 2596 1128 2681; x_wconf 82' lang='lat' dir='ltr'><strong>Magdeborg</strong></span> <span class='ocrx_word' id='word_1_213' title='bbox 1153 2600 1186 2666; x_wconf 96' lang='lat' dir='ltr'><strong>in</strong></span> <span class='ocrx_word' id='word_1_214' title='bbox 1212 2600 1300 2665; x_wconf 89' lang='lat' dir='ltr'><strong>curia</strong></span> <span class='ocrx_word' id='word_1_215' title='bbox 1325 2597 1499 2664; x_wconf 88' lang='lat' dir='ltr'><strong>decanatus</strong></span> <span class='ocrx_word' id='word_1_216' title='bbox 1524 2596 1818 2681; x_wconf 83' lang='lat' dir='ltr'><strong>Magdeburgensis,</strong></span> 
     </span>
     <span class='ocr_line' id='line_1_27' title="bbox 510 2684 1818 2773; baseline 0.002 -19"><span class='ocrx_word' id='word_1_217' title='bbox 510 2688 569 2754; x_wconf 86' lang='lat' dir='ltr'><strong>sub</strong></span> <span class='ocrx_word' id='word_1_218' title='bbox 589 2705 674 2751; x_wconf 89' lang='lat' dir='ltr'><strong>anno</strong></span> <span class='ocrx_word' id='word_1_219' title='bbox 692 2684 813 2750; x_wconf 91' lang='lat' dir='ltr'><strong>domini</strong></span> <span class='ocrx_word' id='word_1_220' title='bbox 832 2685 999 2751; x_wconf 88' lang='lat' dir='ltr'><strong>millesimo</strong></span> <span class='ocrx_word' id='word_1_221' title='bbox 1025 2688 1339 2773; x_wconf 85' lang='lat' dir='ltr'><strong>quadringentesimo</strong></span> <span class='ocrx_word' id='word_1_222' title='bbox 1367 2687 1614 2770; x_wconf 89' lang='lat' dir='ltr'><strong>quintodecimo,</strong></span> <span class='ocrx_word' id='word_1_223' title='bbox 1644 2687 1818 2756; x_wconf 89' lang='lat' dir='ltr'><strong>indictione</strong></span> 
     </span>
     <span class='ocr_line' id='line_1_28' title="bbox 512 2773 1818 2860; baseline 0.002 -19"><span class='ocrx_word' id='word_1_224' title='bbox 512 2781 641 2855; x_wconf 86' lang='lat' dir='ltr'><strong>octava,</strong></span> <span class='ocrx_word' id='word_1_225' title='bbox 662 2773 716 2840; x_wconf 90' lang='lat' dir='ltr'><strong>die</strong></span> <span class='ocrx_word' id='word_1_226' title='bbox 736 2774 838 2853; x_wconf 90' lang='lat' dir='ltr'><strong>Iovis,</strong></span> <span class='ocrx_word' id='word_1_227' title='bbox 867 2775 1019 2839; x_wconf 88' lang='lat' dir='ltr'><strong>vicesima</strong></span> <span class='ocrx_word' id='word_1_228' title='bbox 1041 2777 1145 2860; x_wconf 90' lang='lat' dir='ltr'><strong>prima</strong></span> <span class='ocrx_word' id='word_1_229' title='bbox 1173 2779 1292 2844; x_wconf 90' lang='lat' dir='ltr'><strong>mensis</strong></span> <span class='ocrx_word' id='word_1_230' title='bbox 1312 2776 1495 2856; x_wconf 78' lang='lat' dir='ltr'><strong>Februarii,</strong></span> <span class='ocrx_word' id='word_1_231' title='bbox 1519 2776 1596 2842; x_wconf 91' lang='lat' dir='ltr'><strong>bora</strong></span> <span class='ocrx_word' id='word_1_232' title='bbox 1616 2795 1818 2860; x_wconf 89' lang='lat' dir='ltr'><strong>vesperorum</strong></span> 
     </span>
     <span class='ocr_line' id='line_1_29' title="bbox 510 2861 1819 2950; baseline 0.002 -21"><span class='ocrx_word' id='word_1_233' title='bbox 510 2865 563 2930; x_wconf 91' lang='lat' dir='ltr'><strong>vel</strong></span> <span class='ocrx_word' id='word_1_234' title='bbox 588 2862 695 2947; x_wconf 87' lang='lat' dir='ltr'><strong>quasi,</strong></span> <span class='ocrx_word' id='word_1_235' title='bbox 723 2861 924 2946; x_wconf 84' lang='lat' dir='ltr'><strong>pontificatus</strong></span> <span class='ocrx_word' id='word_1_236' title='bbox 952 2866 1145 2931; x_wconf 88' lang='lat' dir='ltr'><strong>sanctissimi</strong></span> <span class='ocrx_word' id='word_1_237' title='bbox 1171 2869 1203 2931; x_wconf 94' lang='lat' dir='ltr'><strong>in</strong></span> <span class='ocrx_word' id='word_1_238' title='bbox 1234 2867 1359 2933; x_wconf 88' lang='lat' dir='ltr'><strong>Cbristo</strong></span> <span class='ocrx_word' id='word_1_239' title='bbox 1388 2867 1488 2950; x_wconf 90' lang='lat' dir='ltr'><strong>patris</strong></span> <span class='ocrx_word' id='word_1_240' title='bbox 1515 2871 1546 2930; x_wconf 91' lang='lat' dir='ltr'><strong>et</strong></span> <span class='ocrx_word' id='word_1_241' title='bbox 1572 2866 1692 2930; x_wconf 88' lang='lat' dir='ltr'><strong>domini</strong></span> <span class='ocrx_word' id='word_1_242' title='bbox 1720 2867 1819 2933; x_wconf 89' lang='lat' dir='ltr'><strong>nostri</strong></span> 
     </span>
     <span class='ocr_line' id='line_1_30' title="bbox 512 2949 1818 3039; baseline 0.002 -21"><span class='ocrx_word' id='word_1_243' title='bbox 512 2951 632 3018; x_wconf 91' lang='lat' dir='ltr'><strong>domini</strong></span> <span class='ocrx_word' id='word_1_244' title='bbox 652 2949 806 3017; x_wconf 90' lang='lat' dir='ltr'><strong>Iohannis</strong></span> <span class='ocrx_word' id='word_1_245' title='bbox 828 2970 912 3034; x_wconf 90' lang='lat' dir='ltr'><strong>pape</strong></span> <span class='ocrx_word' id='word_1_246' title='bbox 932 2952 1045 3018; x_wconf 89' lang='lat' dir='ltr'><strong>XXlll</strong></span> <span class='ocrx_word' id='word_1_247' title='bbox 1065 2974 1149 3019; x_wconf 92' lang='lat' dir='ltr'><strong>anno</strong></span> <span class='ocrx_word' id='word_1_248' title='bbox 1170 2956 1294 3038; x_wconf 88' lang='lat' dir='ltr'><strong>quinto,</strong></span> <span class='ocrx_word' id='word_1_249' title='bbox 1322 2954 1522 3039; x_wconf 89' lang='lat' dir='ltr'><strong>presentibus</strong></span> <span class='ocrx_word' id='word_1_250' title='bbox 1545 2954 1663 3020; x_wconf 92' lang='lat' dir='ltr'><strong>ibidem</strong></span> <span class='ocrx_word' id='word_1_251' title='bbox 1688 2955 1818 3022; x_wconf 90' lang='lat' dir='ltr'><strong>honora-</strong></span> 
     </span>
     <span class='ocr_line' id='line_1_31' title="bbox 513 3039 1819 3126; baseline 0.003 -20"><span class='ocrx_word' id='word_1_252' title='bbox 513 3041 631 3107; x_wconf 90' lang='lat' dir='ltr'><strong>bilibus</strong></span> <span class='ocrx_word' id='word_1_253' title='bbox 657 3039 736 3105; x_wconf 92' lang='lat' dir='ltr'><strong>viris</strong></span> <span class='ocrx_word' id='word_1_254' title='bbox 762 3039 900 3105; x_wconf 88' lang='lat' dir='ltr'><strong>dominis</strong></span> <span class='ocrx_word' id='word_1_255' title='bbox 927 3041 1109 3108; x_wconf 89' lang='lat' dir='ltr'><strong>Borchardo</strong></span> <span class='ocrx_word' id='word_1_256' title='bbox 1132 3043 1173 3110; x_wconf 90' lang='lat' dir='ltr'><strong>do</strong></span> <span class='ocrx_word' id='word_1_257' title='bbox 1193 3045 1395 3126; x_wconf 83' lang='lat' dir='ltr'><strong>We(rbe)rge</strong></span> <span class='ocrx_word' id='word_1_258' title='bbox 1420 3043 1550 3108; x_wconf 89' lang='lat' dir='ltr'><strong>maioris</strong></span> <span class='ocrx_word' id='word_1_259' title='bbox 1571 3052 1603 3108; x_wconf 91' lang='lat' dir='ltr'><strong>et</strong></span> <span class='ocrx_word' id='word_1_260' title='bbox 1628 3043 1756 3110; x_wconf 82' lang='lat' dir='ltr'><strong>diatheo</strong></span> <span class='ocrx_word' id='word_1_261' title='bbox 1778 3044 1819 3110; x_wconf 90' lang='lat' dir='ltr'><strong>de</strong></span> 
     </span>
    </p>
   </div>
   <div class='ocr_carea' id='block_1_3' title="bbox 509 3127 1817 3301">
    <p class='ocr_par' dir='ltr' id='par_1_8' title="bbox 509 3127 1817 3301">
     <span class='ocr_line' id='line_1_32' title="bbox 511 3127 1817 3217; baseline 0.004 -23"><span class='ocrx_word' id='word_1_262' title='bbox 511 3127 658 3194; x_wconf 78' lang='lat' dir='ltr'><strong>Redelrin</strong></span> <span class='ocrx_word' id='word_1_263' title='bbox 684 3129 787 3194; x_wconf 89' lang='lat' dir='ltr'><strong>sancti</strong></span> <span class='ocrx_word' id='word_1_264' title='bbox 808 3129 1017 3212; x_wconf 66' lang='lat' dir='ltr'><strong>sebastiani,</strong></span> <span class='ocrx_word' id='word_1_265' title='bbox 1048 3131 1253 3199; x_wconf 88' lang='lat' dir='ltr'><strong>ecclesiarum</strong></span> <span class='ocrx_word' id='word_1_266' title='bbox 1287 3132 1624 3217; x_wconf 81' lang='lat' dir='ltr'><strong>Magdeburgensium,</strong></span> <span class='ocrx_word' id='word_1_267' title='bbox 1656 3132 1817 3199; x_wconf 90' lang='lat' dir='ltr'><strong>canonicis</strong></span> 
     </span>
     <span class='ocr_line' id='line_1_33' title="bbox 509 3217 1235 3301; baseline 0 -16"><span class='ocrx_word' id='word_1_268' title='bbox 509 3220 644 3285; x_wconf 86' lang='lat' dir='ltr'><strong>testibus</strong></span> <span class='ocrx_word' id='word_1_269' title='bbox 664 3217 706 3282; x_wconf 92' lang='lat' dir='ltr'><strong>ad</strong></span> <span class='ocrx_word' id='word_1_270' title='bbox 727 3217 884 3301; x_wconf 89' lang='lat' dir='ltr'><strong>premissa</strong></span> <span class='ocrx_word' id='word_1_271' title='bbox 902 3219 1084 3300; x_wconf 87' lang='lat' dir='ltr'><strong>specialiter</strong></span> <span class='ocrx_word' id='word_1_272' title='bbox 1103 3221 1235 3287; x_wconf 90' lang='lat' dir='ltr'><strong>voeatis.</strong></span> 
     </span>
    </p>
   </div>
   <div class='ocr_carea' id='block_1_4' title="bbox 591 3300 1822 3641">
    <p class='ocr_par' dir='ltr' id='par_1_9' title="bbox 591 3300 1822 3641">
     <span class='ocr_line' id='line_1_34' title="bbox 607 3300 1822 3442; baseline 0.001 -78"><span class='ocrx_word' id='word_1_273' title='bbox 607 3377 774 3442; x_wconf 51' lang='lat' dir='ltr'><strong>Nm</strong></span> <span class='ocrx_word' id='word_1_274' title='bbox 791 3376 894 3440; x_wconf 58' lang='lat' dir='ltr'><strong>eim</strong></span> <span class='ocrx_word' id='word_1_275' title='bbox 1371 3302 1540 3368; x_wconf 70' lang='lat' dir='ltr'><strong>&#39;lidericus</strong></span> <span class='ocrx_word' id='word_1_276' title='bbox 1562 3300 1736 3367; x_wconf 82' lang='lat' dir='ltr'><strong>Domanitz.</strong></span> <span class='ocrx_word' id='word_1_277' title='bbox 1815 3307 1822 3321; x_wconf 93' lang='grc'><strong>“</strong></span> 
     </span>
     <span class='ocr_line' id='line_1_35' title="bbox 591 3378 1819 3550; baseline 0.005 -22"><span class='ocrx_word' id='word_1_278' title='bbox 591 3380 612 3457; x_wconf 44' lang='grc' dir='ltr'><strong><em>ί</em></strong></span> <span class='ocrx_word' id='word_1_279' title='bbox 661 3465 703 3530; x_wconf 80' lang='lat' dir='ltr'><strong>lit</strong></span> <span class='ocrx_word' id='word_1_280' title='bbox 722 3395 791 3548; x_wconf 50' lang='lat' dir='ltr'><strong>egr?</strong></span> <span class='ocrx_word' id='word_1_281' title='bbox 803 3378 969 3531; x_wconf 65' lang='lat' dir='ltr'><strong>&#39;lidericus</strong></span> <span class='ocrx_word' id='word_1_282' title='bbox 990 3467 1191 3549; x_wconf 84' lang='lat' dir='ltr'><strong>Domanitze,</strong></span> <span class='ocrx_word' id='word_1_283' title='bbox 1217 3469 1350 3535; x_wconf 87' lang='lat' dir='ltr'><strong>clericus</strong></span> <span class='ocrx_word' id='word_1_284' title='bbox 1371 3469 1652 3536; x_wconf 83' lang='lat' dir='ltr'><strong>Halberstadensis</strong></span> <span class='ocrx_word' id='word_1_285' title='bbox 1673 3468 1819 3550; x_wconf 89' lang='lat' dir='ltr'><strong>diocesis,</strong></span> 
     </span>
     <span class='ocr_line' id='line_1_36' title="bbox 610 3555 1797 3641; baseline 0 -21"><span class='ocrx_word' id='word_1_286' title='bbox 610 3555 694 3641; x_wconf 90' lang='lat' dir='ltr'><strong>publ.</strong></span> <span class='ocrx_word' id='word_1_287' title='bbox 716 3555 791 3638; x_wconf 90' lang='lat' dir='ltr'><strong>imp.</strong></span> <span class='ocrx_word' id='word_1_288' title='bbox 813 3563 895 3620; x_wconf 89' lang='lat' dir='ltr'><strong>auct.</strong></span> <span class='ocrx_word' id='word_1_289' title='bbox 916 3557 1067 3638; x_wconf 87' lang='lat' dir='ltr'><strong>notarius,</strong></span> <span class='ocrx_word' id='word_1_290' title='bbox 1089 3558 1165 3641; x_wconf 91' lang='lat' dir='ltr'><strong>quia</strong></span> <span class='ocrx_word' id='word_1_291' title='bbox 1185 3558 1281 3641; x_wconf 69' lang='lat' dir='ltr'><strong>(folet</strong></span> <span class='ocrx_word' id='word_1_292' title='bbox 1303 3558 1354 3623; x_wconf 78' lang='lat' dir='ltr'><strong>die</strong></span> <span class='ocrx_word' id='word_1_293' title='bbox 1372 3557 1797 3641; x_wconf 74' lang='lat' dir='ltr'><strong>doliebeNoturiotsforvuel).</strong></span> 
     </span>
    </p>
   </div>
   <div class='ocr_carea' id='block_1_5' title="bbox 587 3663 1348 3735">
    <p class='ocr_par' dir='ltr' id='par_1_10' title="bbox 587 3663 1348 3735">
     <span class='ocr_line' id='line_1_37' title="bbox 587 3663 1348 3735; baseline 0.005 -17"><span class='ocrx_word' id='word_1_294' title='bbox 587 3664 692 3719; x_wconf 78' lang='lat' dir='ltr'><strong>Ureeltr.</strong></span> <span class='ocrx_word' id='word_1_295' title='bbox 708 3663 797 3718; x_wconf 80' lang='lat' dir='ltr'><strong>Werra</strong></span> <span class='ocrx_word' id='word_1_296' title='bbox 815 3663 955 3719; x_wconf 66' lang='lat' dir='ltr'><strong>amcam</strong></span> <span class='ocrx_word' id='word_1_297' title='bbox 971 3666 1102 3720; x_wconf 62' lang='lat' dir='ltr'><strong>aerem</strong></span> <span class='ocrx_word' id='word_1_298' title='bbox 1120 3666 1179 3720; x_wconf 69' lang='lat' dir='ltr'><strong>sord</strong></span> <span class='ocrx_word' id='word_1_299' title='bbox 1196 3667 1348 3735; x_wconf 82' lang='lat' dir='ltr'><strong>acbodbult.</strong></span> 
     </span>
    </p>
   </div>
   <div class='ocr_carea' id='block_1_6' title="bbox 515 3791 1818 3888">
    <p class='ocr_par' dir='ltr' id='par_1_11' title="bbox 515 3791 1818 3888">
     <span class='ocr_line' id='line_1_38' title="bbox 515 3791 1818 3888; baseline 0.002 -5"><span class='ocrx_word' id='word_1_300' title='bbox 515 3801 631 3885; x_wconf 76' lang='lat'><strong>1420.</strong></span> <span class='ocrx_word' id='word_1_301' title='bbox 657 3801 754 3884; x_wconf 83' lang='lat' dir='ltr'><strong>Jnlr</strong></span> <span class='ocrx_word' id='word_1_302' title='bbox 780 3801 839 3884; x_wconf 77' lang='lat'><strong>17.</strong></span> <span class='ocrx_word' id='word_1_303' title='bbox 1040 3791 1290 3800; x_wconf 49' lang='lat' dir='ltr'>w</span> <span class='ocrx_word' id='word_1_304' title='bbox 1757 3805 1818 3888; x_wconf 75' lang='lat'><strong>73.</strong></span> 
     </span>
    </p>
   </div>
   <div class='ocr_carea' id='block_1_7' title="bbox 610 3917 1820 4359">
    <p class='ocr_par' dir='ltr' id='par_1_12' title="bbox 610 3917 1820 4359">
     <span class='ocr_line' id='line_1_39' title="bbox 612 3917 1820 4003; baseline 0.003 -21"><span class='ocrx_word' id='word_1_305' title='bbox 612 3917 778 3983; x_wconf 68' lang='lat' dir='ltr'><strong>Friedrich</strong></span> <span class='ocrx_word' id='word_1_306' title='bbox 797 3940 856 3984; x_wconf 77' lang='lat' dir='ltr'><strong>oon</strong></span> <span class='ocrx_word' id='word_1_307' title='bbox 884 3919 1019 3985; x_wconf 66' lang='grc' dir='ltr'><em>δώωεθη</em></span> <span class='ocrx_word' id='word_1_308' title='bbox 1043 3922 1169 3986; x_wconf 73' lang='lat' dir='ltr'><strong>sdeealrt</strong></span> <span class='ocrx_word' id='word_1_309' title='bbox 1199 3941 1258 3986; x_wconf 79' lang='lat' dir='ltr'><strong>von</strong></span> <span class='ocrx_word' id='word_1_310' title='bbox 1289 3923 1387 3986; x_wconf 67' lang='lat' dir='ltr'><strong>artem</strong></span> <span class='ocrx_word' id='word_1_311' title='bbox 1414 3923 1478 3987; x_wconf 70' lang='lat' dir='ltr'><strong>dem</strong></span> <span class='ocrx_word' id='word_1_312' title='bbox 1506 3923 1670 4003; x_wconf 77' lang='lat' dir='ltr'><strong>pebdripeu</strong></span> <span class='ocrx_word' id='word_1_313' title='bbox 1702 3920 1820 3986; x_wconf 77' lang='lat' dir='ltr'><strong>Drittel</strong></span> 
     </span>
     <span class='ocr_line' id='line_1_40' title="bbox 614 4007 1818 4094; baseline 0.003 -23"><span class='ocrx_word' id='word_1_314' title='bbox 614 4007 700 4071; x_wconf 64' lang='lat' dir='ltr'><strong>anes</strong></span> <span class='ocrx_word' id='word_1_315' title='bbox 719 4007 804 4090; x_wconf 78' lang='lat' dir='ltr'><strong>Hofs</strong></span> <span class='ocrx_word' id='word_1_316' title='bbox 822 4009 859 4072; x_wconf 81' lang='lat' dir='ltr'><strong>in</strong></span> <span class='ocrx_word' id='word_1_317' title='bbox 879 4010 935 4072; x_wconf 87' lang='lat' dir='ltr'><strong>der</strong></span> <span class='ocrx_word' id='word_1_318' title='bbox 956 4008 1115 4073; x_wconf 77' lang='lat' dir='ltr'><strong>Neustodt</strong></span> <span class='ocrx_word' id='word_1_319' title='bbox 1142 4009 1361 4090; x_wconf 77' lang='lat' dir='ltr'><strong>Wcrrtt&#39;perode</strong></span> <span class='ocrx_word' id='word_1_320' title='bbox 1381 4013 1431 4075; x_wconf 82' lang='lat' dir='ltr'><strong>ein</strong></span> <span class='ocrx_word' id='word_1_321' title='bbox 1450 4012 1555 4077; x_wconf 81' lang='lat' dir='ltr'><strong>bulbos</strong></span> <span class='ocrx_word' id='word_1_322' title='bbox 1576 4013 1655 4078; x_wconf 70' lang='lat' dir='ltr'><strong>[ott</strong></span> <span class='ocrx_word' id='word_1_323' title='bbox 1673 4012 1818 4094; x_wconf 73' lang='lat' dir='ltr'><strong>jdbrlt&#39;elr,</strong></span> 
     </span>
     <span class='ocr_line' id='line_1_41' title="bbox 610 4096 1818 4183; baseline 0.002 -23"><span class='ocrx_word' id='word_1_324' title='bbox 610 4096 680 4161; x_wconf 76' lang='lat' dir='ltr'><strong>aad</strong></span> <span class='ocrx_word' id='word_1_325' title='bbox 707 4097 789 4161; x_wconf 76' lang='lat' dir='ltr'><strong>aucit</strong></span> <span class='ocrx_word' id='word_1_326' title='bbox 815 4099 930 4160; x_wconf 67' lang='lat' dir='ltr'><strong>minen</strong></span> <span class='ocrx_word' id='word_1_327' title='bbox 956 4097 1092 4162; x_wconf 80' lang='lat' dir='ltr'><strong>Ableberr</strong></span> <span class='ocrx_word' id='word_1_328' title='bbox 1123 4099 1230 4162; x_wconf 65' lang='lat' dir='ltr'><strong>sacten</strong></span> <span class='ocrx_word' id='word_1_329' title='bbox 1262 4119 1383 4180; x_wconf 73' lang='lat' dir='ltr'><strong>panace</strong></span> <span class='ocrx_word' id='word_1_330' title='bbox 1402 4100 1530 4165; x_wconf 67' lang='lat' dir='ltr'><strong>Astiterit</strong></span> <span class='ocrx_word' id='word_1_331' title='bbox 1555 4121 1600 4165; x_wconf 77' lang='lat' dir='ltr'><strong>aa</strong></span> <span class='ocrx_word' id='word_1_332' title='bbox 1629 4101 1698 4165; x_wconf 81' lang='lat' dir='ltr'><strong>dero</strong></span> <span class='ocrx_word' id='word_1_333' title='bbox 1725 4100 1818 4183; x_wconf 72' lang='lat' dir='ltr'><strong>Hofe,</strong></span> 
     </span>
     <span class='ocr_line' id='line_1_42' title="bbox 612 4185 1820 4273; baseline 0.004 -24"><span class='ocrx_word' id='word_1_334' title='bbox 612 4186 681 4249; x_wconf 76' lang='lat' dir='ltr'><strong>derra</strong></span> <span class='ocrx_word' id='word_1_335' title='bbox 699 4185 829 4250; x_wconf 86' lang='lat' dir='ltr'><strong>Kloster</strong></span> <span class='ocrx_word' id='word_1_336' title='bbox 848 4185 1110 4268; x_wconf 69' lang='lat' dir='ltr'><strong>Hammelpforten</strong></span> <span class='ocrx_word' id='word_1_337' title='bbox 1136 4207 1195 4253; x_wconf 77' lang='lat' dir='ltr'><strong>sur</strong></span> <span class='ocrx_word' id='word_1_338' title='bbox 1217 4189 1338 4253; x_wconf 78' lang='lat' dir='ltr'><strong>bosserre</strong></span> <span class='ocrx_word' id='word_1_339' title='bbox 1367 4187 1594 4273; x_wconf 75' lang='lat' dir='ltr'><strong>Ueterltaltunp</strong></span> <span class='ocrx_word' id='word_1_340' title='bbox 1621 4192 1675 4254; x_wconf 82' lang='lat' dir='ltr'><strong>des</strong></span> <span class='ocrx_word' id='word_1_341' title='bbox 1695 4189 1820 4254; x_wconf 73' lang='lat' dir='ltr'><strong>butus</strong></span> 
     </span>
     <span class='ocr_line' id='line_1_43' title="bbox 612 4275 1325 4359; baseline 0.001 -20"><span class='ocrx_word' id='word_1_342' title='bbox 612 4293 666 4339; x_wconf 86' lang='lat' dir='ltr'><strong>cor</strong></span> <span class='ocrx_word' id='word_1_343' title='bbox 686 4276 756 4339; x_wconf 71' lang='lat' dir='ltr'><strong>dein</strong></span> <span class='ocrx_word' id='word_1_344' title='bbox 778 4275 884 4340; x_wconf 78' lang='lat' dir='ltr'><strong>erute</strong></span> <span class='ocrx_word' id='word_1_345' title='bbox 902 4275 959 4340; x_wconf 82' lang='lat' dir='ltr'><strong>der</strong></span> <span class='ocrx_word' id='word_1_346' title='bbox 978 4275 1096 4340; x_wconf 81' lang='lat' dir='ltr'><strong>Ettem</strong></span> <span class='ocrx_word' id='word_1_347' title='bbox 1116 4277 1170 4341; x_wconf 87' lang='lat' dir='ltr'><strong>des</strong></span> <span class='ocrx_word' id='word_1_348' title='bbox 1191 4275 1325 4359; x_wconf 74' lang='lat' dir='ltr'><strong>Stitters.</strong></span> 
     </span>
    </p>
   </div>
   <div class='ocr_carea' id='block_1_8' title="bbox 509 4373 1817 4549">
    <p class='ocr_par' dir='ltr' id='par_1_13' title="bbox 509 4373 1817 4549">
     <span class='ocr_line' id='line_1_44' title="bbox 589 4373 1816 4460; baseline 0 -22"><span class='ocrx_word' id='word_1_349' title='bbox 589 4373 640 4438; x_wconf 72' lang='lat' dir='ltr'><strong>Ele</strong></span> <span class='ocrx_word' id='word_1_350' title='bbox 658 4375 812 4440; x_wconf 81' lang='lat' dir='ltr'><strong>Fredrich</strong></span> <span class='ocrx_word' id='word_1_351' title='bbox 833 4395 895 4439; x_wconf 92' lang='lat' dir='ltr'><strong>von</strong></span> <span class='ocrx_word' id='word_1_352' title='bbox 915 4374 1148 4441; x_wconf 79' lang='lat' dir='ltr'><strong>Zebecbtersen</strong></span> <span class='ocrx_word' id='word_1_353' title='bbox 1169 4374 1316 4441; x_wconf 86' lang='lat' dir='ltr'><strong>bekenne</strong></span> <span class='ocrx_word' id='word_1_354' title='bbox 1345 4377 1378 4441; x_wconf 93' lang='lat' dir='ltr'><strong>in</strong></span> <span class='ocrx_word' id='word_1_355' title='bbox 1397 4374 1512 4442; x_wconf 90' lang='lat' dir='ltr'><strong>dessen</strong></span> <span class='ocrx_word' id='word_1_356' title='bbox 1533 4377 1630 4444; x_wconf 92' lang='lat' dir='ltr'><strong>breve</strong></span> <span class='ocrx_word' id='word_1_357' title='bbox 1652 4375 1816 4460; x_wconf 89' lang='lat' dir='ltr'><strong>openbarl</strong></span> 
     </span>
     <span class='ocr_line' id='line_1_45' title="bbox 509 4461 1817 4549; baseline 0.001 -22"><span class='ocrx_word' id='word_1_358' title='bbox 509 4462 651 4529; x_wconf 89' lang='lat' dir='ltr'><strong>vormek</strong></span> <span class='ocrx_word' id='word_1_359' title='bbox 666 4461 766 4530; x_wconf 75' lang='lat' dir='ltr'><strong>unde2</strong></span> <span class='ocrx_word' id='word_1_360' title='bbox 788 4463 861 4544; x_wconf 90' lang='lat' dir='ltr'><strong>alle,</strong></span> <span class='ocrx_word' id='word_1_361' title='bbox 881 4462 923 4528; x_wconf 90' lang='lat' dir='ltr'><strong>de</strong></span> <span class='ocrx_word' id='word_1_362' title='bbox 937 4461 999 4528; x_wconf 84' lang='lat' dir='ltr'><strong>de³</strong></span> <span class='ocrx_word' id='word_1_363' title='bbox 1019 4462 1127 4528; x_wconf 90' lang='lat' dir='ltr'><strong>mehre</strong></span> <span class='ocrx_word' id='word_1_364' title='bbox 1149 4463 1309 4547; x_wconf 89' lang='lat' dir='ltr'><strong>ansprake</strong></span> <span class='ocrx_word' id='word_1_365' title='bbox 1329 4465 1465 4548; x_wconf 85' lang='lat' dir='ltr'><strong>mogben</strong></span> <span class='ocrx_word' id='word_1_366' title='bbox 1489 4466 1613 4532; x_wconf 91' lang='lat' dir='ltr'><strong>hebben</strong></span> <span class='ocrx_word' id='word_1_367' title='bbox 1634 4485 1676 4531; x_wconf 90' lang='lat' dir='ltr'><strong>an</strong></span> <span class='ocrx_word' id='word_1_368' title='bbox 1699 4483 1817 4549; x_wconf 84' lang='lat' dir='ltr'><strong>mynen</strong></span> 
     </span>
    </p>
   </div>
   <div class='ocr_carea' id='block_1_9' title="bbox 0 0 2236 5167">
    <p class='ocr_par' dir='ltr' id='par_1_14' title="bbox 0 0 2236 5167">
     <span class='ocr_line' id='line_1_46' title="bbox 0 0 2236 5167; baseline 0 0"><span class='ocrx_word' id='word_1_369' title='bbox 0 0 2236 5167; x_wconf 95' lang='lat' dir='ltr'><strong> </strong></span> 
     </span>
    </p>
   </div>
  </div>
 </body>
</html>
