4459 5167
847 353 894 408 Nr.
915 354 949 408 18
993 355 1035 410 20.
1055 373 1079 409 a.
1103 354 1176 410 1258.
1197 357 1271 411 1259.
1678 362 1708 415 l'l

398 501 498 564 nobis
525 503 636 565 luisset
662 502 858 583 aliquamdiu
884 504 1056 585 ventilata,
1084 524 1143 568 nos
1172 506 1299 570 tandem
1332 526 1396 571 uua
1428 528 1497 573 eum
1532 508 1606 571 aliis
1633 510 1713 573 viris

400 590 554 671 providis'
565 602 597 654 et
617 592 764 655 discretis
785 590 960 673 predictum
983 594 1126 657 comitem
1151 592 1350 677 Hleurieum)
1373 595 1543 677 diligenter
1564 596 1712 661 duximus

399 681 663 761 ammonendum,
691 689 725 743 ut
748 680 790 743 ab
817 682 1010 765 inpeticione
1035 685 1164 745 fratrum
1192 682 1403 765 predictorum
1428 684 1626 749 renunciaret
1648 706 1711 749 om-

398 768 541 833 nimodis
571 778 603 833 et
632 776 777 835 cessaret.
829 769 973 835 Prci'stus
1000 772 1099 852 igitur
1133 792 1237 836 comes
1264 774 1379 837 trostris
1404 773 1635 837 municionibus
1664 774 1710 837 in-

398 858 555 920 formatus
587 860 671 921 omni
703 858 836 939 actioni,
874 880 968 941 quam
998 880 1074 941 erga
1103 860 1206 925 dictos
1238 863 1349 925 l'ratres
1384 860 1550 926 videbatur
1583 861 1709 941 hahere,

399 948 601 1010 renunciavit
628 948 826 1028 integraliter
853 970 958 1013 coram
987 951 1077 1013 nohis
1103 958 1135 1013 et
1158 970 1263 1015 coram
1284 951 1357 1015 aliis
1378 952 1455 1015 viris
1476 950 1605 1015 dicretis
1627 952 1710 1034 puri-

399 1043 452 1097 ter
473 1043 504 1097 et
525 1035 681 1114 honestis,
713 1036 862 1103 videlieet
883 1038 1011 1101 Conone
1044 1039 1085 1101 de
1107 1038 1291 1117 Dhel'lrolte,
1322 1039 1503 1103 Hermanno
1533 1040 1709 1117 scolastico,

400 1130 507 1185 nostre
530 1124 663 1188 ecclesie
683 1125 860 1205 canonicis3
882 1124 1044 1189 Friderieo
1056 1128 1169 1190 cornito
1185 1126 1225 1191 de
1240 1126 1423 1207 Kireherge,
1448 1128 1596 1192 Wernero
1612 1128 1711 1193 nobili

401 1212 472 1273 viro
492 1211 531 1274 dc
544 1211 776 1292 Seherenbelre,
800 1214 931 1279 Nicolao
952 1214 991 1278 de
1007 1216 1200 1298 llcpmburg,
1221 1215 1563 1297 llenrieoYsenborde,
1585 1224 1616 1282 et
1637 1216 1710 1281 aliis

400 1318 496 1379 quam
518 1301 672 1383 pluribus.
714 1300 755 1365 Et
776 1322 816 1367 ue
838 1304 981 1385 predicta
1002 1305 1126 1386 questio
1148 1324 1225 1387 erga
1244 1305 1356 1369 lintres
1378 1305 1547 1389 premissos
1570 1324 1625 1388 per
1647 1326 1711 1369 me·

398 1398 555 1453 moratum
578 1392 722 1455 comitem
746 1394 787 1455 de
801 1403 904 1455 cetero
918 1393 1119 1475 aliquatenus
1142 1394 1316 1475 innovetur,
1338 1395 1500 1479 sepedicto
1523 1394 1628 1459 domui
1648 1396 1709 1459 l'ra-

399 1484 484 1541 trum
516 1488 694 1561 presentem
728 1481 864 1545 litteram
888 1481 994 1563 sigillo
1025 1490 1130 1547 nostro
1159 1484 1312 1548 munitum
1343 1484 1374 1547 in
1402 1482 1614 1548 testimonium
1643 1502 1709 1547 ero-

397 1586 522 1647 gaurus.

483 1656 599 1720 Datum
632 1658 848 1739 languentes,
884 1680 968 1724 auno
998 1660 1118 1725 domini
1147 1660 1386 1739 M⁰CC⁰thll⁰,
1416 1660 1520 1725 Vllll⁰
1552 1659 1708 1726 kalendas

398 1744 552 1825 lunumii,
574 1746 775 1829 pontificatus
798 1751 894 1813 nostri
917 1770 1002 1814 anno
1020 1751 1127 1815 tercio.

477 1860 611 1928 Urseius-itt
631 1864 670 1918 W.
689 1863 739 1917 init
755 1864 945 1933 heceheidrptem
963 1864 1046 1935 Srepel
1065 1883 1105 1918 aa
1125 1865 1397 1935 Perpumerdstreiten.

400 2162 515 2243 1250.
538 2161 670 2262 april
687 2162 753 2243 20.
806 2162 1097 2260 ltingeihelm.
1640 2164 1706 2247 20.

500 2296 654 2359 Heinrich
668 2298 725 2360 der
735 2296 881 2376 Jiirtpere,
906 2298 998 2378 (r'ruf
1007 2317 1048 2361 uu
1064 2296 1278 2377 Waldenberp,
1300 2297 1474 2377 iihereiprtet
1486 2298 1546 2361 den
1558 2296 1709 2361 dicatissi-

502 2395 750 2458 ordeushnidem
769 2395 844 2458 sica
864 2394 977 2474 Hateri
997 2414 1039 2459 zu
1062 2395 1215 2475 Ioupclu.

481 2512 637 2576 Henricus
669 2510 721 2574 dei
748 2511 858 2590 gracia
889 2530 994 2573 coines
1022 2510 1125 2574 iunior
1145 2510 1185 2575 de
1211 2510 1440 2576 illuldcuhcrch
1475 2511 1619 2575 omnihus
1648 2511 1708 2575 hoe

396 2604 551 2685 scriptum
572 2601 769 2683 inspecturis.
812 2598 891 2663 Cum
912 2599 1072 2663 hominum
1093 2600 1246 2664 memoria
1267 2600 1312 2665 ita
1333 2600 1374 2663 sit
1392 2598 1499 2663 labilis
1520 2606 1551 2663 et
1572 2598 1705 2681 infirnus,

395 2690 483 2773 quod
503 2691 545 2754 de
566 2689 725 2771 preteritis
747 2688 800 2751 vix
820 2687 926 2750 valeat
947 2687 1120 2762 reminisci,
1152 2688 1364 2753 necessarium
1386 2694 1450 2767 est,
1481 2706 1521 2751 ea
1546 2705 1608 2768 que
1628 2686 1706 2751 fiunt

397 2782 445 2845 itu
466 2780 622 2863 scripture
643 2778 824 2841 testimonio
843 2776 1036 2855 confirmari,
1065 2796 1105 2839 nc
1128 2777 1213 2839 lactc
1239 2778 1431 2860 presentium
1460 2776 1491 2837 iu
1514 2774 1706 2840 oblivionem

396 2874 563 2933 transeant
581 2869 762 2929 luturornm.
803 2864 920 2929 Notum
939 2865 1037 2947 igitur
1057 2884 1128 2929 esse
1149 2866 1293 2930 volumus
1319 2864 1464 2929 omnibus
1488 2863 1581 2927 huius
1604 2864 1707 2929 littere

397 2955 649 3039 inspectoribus,
681 2953 765 3035 quod
788 2972 844 3018 nos
874 2973 930 3034 pro
958 2953 1138 3018 reverentia
1159 2954 1253 3017 Ihesu
1280 2954 1397 3019 Christi
1419 2952 1569 3015 fratribus
1594 2952 1705 3017 domus

397 3046 579 3109 theutonice
605 3042 772 3125 hospitalis
794 3046 902 3106 sancte
920 3041 1020 3105 llario
1043 3041 1286 3106 ierosolimitani
1312 3041 1352 3105 de
1379 3058 1534 3105 consensu
1556 3039 1703 3104 heredum

397 3143 574 3199 nostrorum
607 3132 686 3195 duos
717 3148 844 3194 mansos
875 3130 907 3193 in
935 3129 1078 3211 Langele
1109 3150 1180 3194 cum
1206 3130 1352 3195 omnibus
1378 3128 1571 3208 attinentiis,
1605 3128 1705 3200 silvis,

396 3224 509 3307 pratis,
530 3222 667 3305 pascuis,
688 3220 771 3283 areis
792 3218 979 3283 contulimus
1001 3222 1068 3283 iure
1088 3220 1293 3302 proprietatis
1311 3226 1462 3302 perpetuo
1485 3217 1702 3300 possidendos.

399 3314 442 3379 L't
462 3313 561 3393 igitur
581 3308 759 3373 huiusmodi
780 3307 910 3373 donatio
932 3307 1027 3371 dictis
1046 3309 1196 3373 iratribus
1219 3328 1239 3369 a
1261 3308 1353 3371 nohis
1372 3306 1488 3371 collata
1502 3306 1595 3371 robur
1610 3305 1704 3370 firmi-

395 3403 474 3467 tatis
495 3401 639 3482 optineat
659 3406 691 3461 et
703 3398 736 3459 iu
758 3404 915 3480 posterum
931 3405 1068 3478 nequeat
1079 3398 1237 3477 inmutari,
1257 3395 1455 3461 decrevimus
1470 3394 1552 3459 hanc
1566 3396 1703 3459 litteram

394 3490 497 3573 sigilli
523 3489 623 3553 nostri
643 3486 815 3551 munimine
836 3485 1024 3565 diligentius
1046 3485 1208 3566 insigniri,
1239 3483 1371 3548 testibus
1397 3485 1450 3566 qui
1477 3483 1536 3550 hec
1556 3483 1704 3550 viderunt

395 3589 429 3643 et
450 3578 620 3641 audierunt
645 3574 867 3639 nichilominus
895 3575 1069 3655 annotatis3
1099 3594 1228 3656 quorum
1250 3574 1380 3637 nomina
1400 3582 1472 3637 suut
1492 3573 1565 3638 hec:
1600 3592 1704 3638 comes

395 3665 601 3732 Burchardus
622 3664 661 3729 de
682 3662 924 3741 Waldenberch,
944 3662 1102 3742 Albertus,
1126 3663 1305 3747 prepositus
1323 3668 1431 3727 sancte
1453 3660 1563 3727 Crucis
1584 3662 1615 3725 in
1638 3660 1704 3725 Hil-

393 3756 555 3833 denseim,
576 3773 680 3817 comes
699 3752 899 3816 Hermannus
925 3760 956 3815 ct
984 3751 1095 3815 fratres
1122 3752 1170 3815 sui
1192 3752 1232 3814 de
1254 3749 1501 3831 Waldenberch;
1527 3749 1703 3835 Lippoldus

393 3846 437 3911 de
458 3845 602 3920 Luttere,
620 3840 810 3905 Lodewicus
830 3842 870 3906 de
893 3840 1028 3918 Linede,
1049 3837 1272 3923 Engelhardus
1294 3838 1334 3903 dc
1355 3838 1560 3904 Vanekessen
1582 3839 1704 3921 militis,

394 3944 428 3999 et
448 3933 505 3996 alii
524 3950 620 4012 quam
640 3930 754 4013 plures.

479 4023 562 4083 Acta
582 4025 655 4081 sunt
677 4019 735 4082 hec
755 4016 964 4098 Ringeleim1,
987 4035 1070 4081 anuo
1094 4017 1322 4083 incarnationis
1347 4016 1604 4097 M⁰CC⁰LVllll⁰,
1625 4016 1702 4081 ΧΠο

393 4108 554 4174 kalendas
576 4106 651 4169 Mai.

473 4223 606 4289 Urseitrijt
616 4222 658 4276 W.
677 4221 725 4275 ruit
743 4222 803 4275 deru
827 4221 939 4288 Turseli(
956 4220 1008 4275 Nr.
1027 4225 1064 4275 69
1082 4220 1258 4290 uhpehildeten
1275 4220 1466 4289 herufdrauipcu
1474 4219 1558 4289 θέαμά
1574 4238 1613 4275 un
1630 4222 1702 4275 ruth·
1772 4230 1781 4249 ·

392 4296 515 4351 satiarer
531 4293 645 4346 Sehnur.

470 4400 497 4467 l)
515 4387 657 4467 Ringelim

461 4586 827 4637 commemorns-cmxv.
