4459 5167
498 331 550 386 166
808 333 973 402 Augostiner
989 333 1241 387 Einsiodlerlrloster
1254 329 1482 400 Himmelpforten.

497 480 602 546 sancti
622 481 789 547 Michaelis
810 482 1074 563 Luneburgensis,
1095 478 1275 560 verdensis,
1297 485 1328 543 ct
1348 480 1451 543 sancti
1471 478 1557 544 Petri
1577 475 1801 558 lirffnrdeusis,

502 569 756 651 Mogontinensis
782 571 954 636 diocesium
983 571 1242 635 monasteriorum
1269 569 1458 651 abhatibus,
1491 587 1613 632 necnon
1638 565 1804 631 venerabi-

499 659 583 724 libus
612 665 644 723 et
668 658 909 724 honorabilibus
944 660 1023 726 viris
1049 659 1187 724 dominis
1211 657 1508 740 Magdehurgensis,
1539 655 1803 738 Magantinensis,

497 745 787 828 Halbirstadensis,
820 747 1107 827 Hildensemensis,
1136 747 1319 828 Verdensis,
1347 747 1548 826 Luhicensis,
1582 742 1802 824 Suarinensis,

497 835 688 916 Mindensis,
714 835 985 917 Padehumensis,
1014 835 1298 916 Havelhergonsis,
1326 835 1658 916 Brundenhurgensis,
1686 832 1801 897 Merse-

496 923 672 1006 burgensis,
692 925 1178 1008 Nuemburgensis,Missnensis,
1200 925 1409 1006 (laminensis,
1425 921 1801 1006 Raachurgensis,huhu.

497 1014 601 1079 censis
628 1013 833 1079 ecclesiarum
854 1014 1080 1079 cathedralium
1101 1015 1204 1080 sancti
1225 1014 1418 1095 Sebastiani,
1437 1013 1540 1079 sancti
1560 1011 1685 1078 Nicolai
1705 1010 1801 1076 Noui-

498 1101 573 1180 lon',
598 1102 761 1166 beatorum
780 1102 867 1166 Petri
888 1109 920 1167 et
940 1103 1032 1167 Pauli
1051 1101 1351 1185 Mugdeburgensis,
1377 1103 1480 1168 suncti
1502 1101 1672 1180 Bonilacii,
1698 1101 1801 1164 sancti

497 1189 598 1271 Pauli,
620 1190 714 1256 beate
728 1189 828 1255 hiarie
839 1190 1120 1272 Halbirstadcnsis,
1139 1199 1246 1256 sancte
1257 1191 1376 1271 Crucis,
1398 1191 1520 1255 sancti1
1541 1191 1675 1261 Andrec,
1698 1189 1803 1253 sancti

499 1279 644 1344 Mauricii
664 1278 951 1360 Hildcnsemensis,
974 1281 1076 1346 sancti
1097 1280 1260 1345 Asscharii
1286 1286 1317 1344 et
1337 1281 1440 1344 sancti
1459 1278 1633 1344 Willehadi
1654 1279 1801 1343 Bremen-

501 1371 554 1446 sis,
576 1367 679 1432 sancti
702 1366 829 1434 Andrec
852 1368 1033 1450 Vcrdensis,
1052 1371 1155 1434 sancti
1174 1369 1304 1434 hlartini
1326 1375 1358 1434 et
1381 1367 1802 1434 sanctiJohannisMinden-

501 1456 555 1528 sis,
576 1455 679 1521 sancti
698 1457 781 1521 sixti
800 1456 1069 1540 Merseburgensis
1090 1459 1270 1539 civitatum,
1298 1457 1400 1522 sancti
1420 1457 1548 1522 Nicolui
1574 1455 1803 1535 Stcndalensis,

499 1543 788 1626 Halbirstadensis,
824 1553 933 1611 sancte
960 1547 1060 1612 liaris
1092 1553 1124 1612 et
1154 1547 1256 1612 saneti
1293 1546 1405 1611 Severi
1434 1545 1658 1628 Erffurdensis,
1692 1552 1802 1610 sancte

499 1631 608 1697 Crucis
640 1633 881 1718 Northusensis,
909 1635 1002 1701 beate
1027 1636 1129 1702 Maris
1163 1641 1196 1702 et
1227 1637 1330 1700 sancti
1362 1634 1537 1700 Alexandri
1568 1635 1802 1714 Emheccensis,

499 1721 600 1786 sancti
627 1722 729 1787 Blasii
754 1730 787 1788 et
814 1725 918 1789 sancti
944 1725 1060 1789 (liniaci
1087 1725 1354 1804 Brunswicensis,
1382 1723 1669 1806 Hildensemensis,
1700 1723 1801 1789 sancti

501 1809 622 1877 Thome
641 1811 839 1896 Liparensis,
859 1814 1145 1897 hameburgensis,
1168 1821 1199 1878 et
1219 1815 1319 1878 sancti
1340 1813 1530 1877 Bartolomei
1551 1811 1804 1890 Caerwcstensis,

498 1896 823 1983 Brandemhurgensis
856 1903 993 1968 diocesis
1027 1904 1232 1969 ecclesiarum
1265 1902 1503 1983 collegiatarum
1529 1901 1713 1985 prepositis,
1748 1899 1803 1965 de-

499 1986 606 2067 canis,
644 1988 867 2073 thesaurariis,
895 1992 1089 2070 scolasticis,
1122 1990 1317 2072 cantoribus,
1354 1988 1587 2057 archidiaconis
1620 1990 1803 2056 camerariis

499 2095 622 2141 necnon
648 2078 853 2144 ecclesiarum
884 2080 1113 2146 cathedralium
1144 2078 1355 2163 predictarum
1384 2079 1560 2159 canonicis,
1592 2079 1647 2161 qui
1676 2096 1804 2164 presen-

500 2162 586 2228 tibus
605 2167 720 2230 nostris
739 2168 853 2233 litteris
873 2170 990 2235 fuerim
1010 2169 1168 2251 requisiti,
1194 2189 1233 2235 ac
1258 2169 1428 2250 unicuique
1455 2187 1576 2250 corum,
1602 2169 1657 2250 qui
1682 2166 1802 2232 eisdem

500 2253 595 2319 suerit
617 2257 796 2340 requisitus,
817 2256 951 2322 salutem
972 2259 1006 2321 iu
1026 2257 1154 2324 domino
1175 2265 1208 2322 et
1233 2257 1349 2322 nostris
1372 2255 1567 2337 huiusmodi,
1591 2257 1803 2341 ymmoverius

456 2367 459 2370 ⁴
500 2343 686 2426 apostolicis
717 2343 848 2410 firmiter
877 2347 1008 2412 obedire
1044 2347 1214 2412 mandatis.
1271 2345 1406 2410 Litteras
1437 2345 1540 2410 t'eiicis
1570 2344 1803 2410 recordacionis

499 2430 655 2498 Johannis
681 2453 764 2517 pape
787 2434 929 2500 vicesimi
958 2436 1104 2516 secundi,
1128 2437 1196 2502 eius
1222 2455 1298 2500 vera
1327 2434 1415 2499 bulla
1442 2434 1592 2518 plumbea
1618 2433 1652 2498 iu
1673 2435 1804 2499 cordula

501 2520 617 2603 canapi
638 2522 842 2604 impendente
862 2543 948 2589 more
968 2524 1109 2589 Romane
1129 2525 1215 2589 curie
1235 2523 1373 2590 bullatas
1394 2542 1491 2588 sanas
1512 2531 1543 2589 et
1563 2524 1719 2607 integras,
1739 2544 1802 2591 non

502 2607 652 2691 viciatus,
679 2631 743 2676 uon
764 2611 976 2695 cancellatas,
1003 2633 1066 2678 non
1087 2613 1219 2678 abrasas
1245 2632 1347 2694 neque
1372 2612 1406 2676 in
1435 2612 1545 2694 aliqua
1570 2614 1619 2678 sui
1640 2621 1732 2698 parte
1753 2633 1801 2678 su-

502 2704 642 2780 spectas,
664 2699 721 2765 sed
742 2701 827 2766 omni
846 2720 973 2785 prorsus
994 2702 1078 2767 vicio
1103 2705 1136 2766 et
1161 2702 1341 2785 suspicione
1362 2708 1504 2765 carentes
1525 2702 1618 2767 nobis
1638 2721 1694 2784 pro
1712 2709 1803 2786 parte

502 2787 692 2870 prelatorum
713 2789 828 2874 prioris
848 2791 1009 2873 generalis
1030 2798 1061 2856 et
1083 2791 1214 2855 fratrum
1230 2789 1351 2855 ordinis
1371 2796 1404 2854 et
1413 2791 1577 2873 provincie
1592 2798 1802 2875 pretaetorum

502 2895 608 2941 coram
633 2880 755 2945 notario
776 2880 903 2962 publico
928 2886 961 2947 et
981 2881 1114 2946 testibus
1136 2879 1346 2963 infrascriptis
1363 2885 1564 2964 presentatus
1584 2899 1641 2946 nos
1666 2899 1736 2945 cum
1763 2899 1804 2946 ca

502 2986 566 3048 qua
586 2966 691 3032 decuit
710 2970 894 3035 reverencia
913 2970 1065 3035 noveritis
1085 2969 1244 3052 recepisse
1265 2967 1442 3032 huiusmodi
1461 2968 1519 3033 suh
1540 2975 1661 3034 tenore:

608 3053 671 3132 (Es
695 3057 773 3137 tolpt
802 3059 853 3120 dic
879 3058 953 3122 cheu
981 3057 1041 3122 Nr.
1063 3062 1107 3122 45
1139 3057 1304 3138 pcdrmlcte
1330 3055 1428 3120 Buce
1460 3056 1496 3120 P.
1517 3057 1662 3122 Joaaaas
1687 3059 1800 3123 XXII.

606 3164 673 3209 vora
693 3149 744 3209 18.
767 3147 864 3227 April
883 3151 992 3220 1317).

502 3232 577 3296 Post
596 3253 727 3317 quarum
742 3235 755 3318 ΙΙ
769 3236 897 3319 quidem
917 3236 1092 3302 litterarum
1120 3235 1363 3320 apostolicarum
1385 3235 1669 3319 presentacionem,
1698 3255 1802 3320 recep-

501 3321 623 3387 cionem
644 3324 737 3390 nobis
757 3332 788 3389 et
809 3344 866 3409 per
886 3343 943 3390 nos
964 3331 998 3390 ut
1018 3323 1217 3408 premittitur,
1238 3323 1347 3399 factas,
1370 3323 1485 3388 fuimus
1504 3343 1562 3407 pro
1579 3331 1669 3407 parte
1689 3344 1803 3391 memo-

501 3416 639 3475 ratorum
668 3413 782 3496 prioris
803 3420 835 3478 et
853 3415 983 3478 tratrum
1004 3413 1126 3478 ordinis
1150 3413 1252 3479 sancti
1272 3413 1442 3494 Augustini
1467 3413 1689 3479 heremitarum
1715 3415 1803 3480 dicta

501 3514 573 3560 oum
592 3499 752 3565 instancia
772 3502 925 3584 requisiti,
946 3511 1102 3585 quatenus
1124 3502 1166 3567 ad
1197 3503 1416 3568 execucionem
1438 3501 1609 3567 earundem
1642 3510 1673 3568 et
1701 3504 1802 3570 ineis

502 3592 717 3652 contentorum
737 3590 828 3656 iuxta
848 3592 881 3655 in
902 3592 982 3675 ipsis
1003 3592 1095 3657 nobis
1116 3592 1266 3655 traditam
1294 3592 1426 3656 t'ormam
1454 3590 1625 3674 procedere
1657 3591 1802 3673 dignare-

502 3692 580 3738 mur.
630 3675 698 3740 Nos
729 3697 804 3742 vero
836 3679 944 3744 arduis
974 3688 1079 3745 nostre
1107 3680 1240 3744 ecclesie
1267 3680 1426 3765 prepediti
1452 3680 1594 3763 negociis
1631 3681 1801 3746 earundem

502 3765 685 3830 execucioni
707 3766 751 3830 ad
765 3787 895 3851 presens
915 3770 1078 3834 intendere
1095 3789 1158 3834 non
1172 3769 1325 3849 valentes
1346 3768 1387 3834 de
1400 3775 1507 3834 uestra
1522 3770 1802 3853 circumspectione

502 3856 535 3914 et
557 3854 765 3933 providencia
788 3856 992 3940 singulariter
1017 3860 1049 3923 in
1073 3857 1201 3923 domino
1229 3857 1436 3938 confidentes
1462 3859 1552 3924 vobis
1580 3865 1612 3924 ct
1633 3860 1802 3941 unicuique

499 3947 637 4006 uestrum
665 3945 888 4027 premissorum
921 3948 1090 4012 insolidum
1127 3947 1350 4012 committimus
1383 3947 1526 4029 plenarie
1553 3948 1639 4012 vices
1669 3954 1802 4028 nostros,

500 4027 602 4094 donec
621 4031 665 4096 ad
686 4052 744 4098 nos
755 4035 936 4102 duxerimus
947 4038 1151 4111 revocandas,
1173 4036 1265 4102 vobis
1285 4043 1317 4101 et
1337 4035 1467 4102 cuilibet
1481 4043 1618 4101 vestrum
1639 4037 1671 4099 in
1687 4037 1802 4102 virtute

502 4125 611 4183 sancte
632 4121 817 4189 obediencie
837 4126 1039 4206 mandantes,
1068 4132 1223 4208 quatenus
1249 4125 1283 4188 in
1303 4125 1449 4190 omnibus
1476 4133 1508 4189 et
1535 4124 1671 4206 singulis
1696 4125 1801 4191 causis

501 4212 533 4270 et
553 4210 696 4291 negociis
721 4212 875 4279 dictorum
901 4215 1015 4298 prioris
1043 4221 1075 4279 et
1101 4214 1232 4279 fratrum
1261 4213 1295 4279 in
1324 4213 1509 4298 prciusertis
1534 4214 1647 4278 litteris
1676 4221 1800 4279 conten·

501 4301 602 4361 torum
624 4299 715 4364 iuxta
735 4302 885 4367 traditam
906 4323 962 4368 seu
987 4302 1142 4368 directam
1167 4302 1258 4367 vohis
1284 4301 1416 4367 sormam
1445 4301 1626 4387 procedatis
1655 4322 1694 4366 ao
1722 4304 1801 4386 ipsis

501 4384 599 4465 priori
619 4393 651 4451 et
672 4389 822 4454 fratribus
842 4391 966 4456 efficaci
993 4390 1187 4456 defensionis
1208 4389 1348 4474 presidio
1373 4391 1540 4472 assistatis,
1566 4391 1689 4456 litteras
1713 4391 1801 4474 ipsas

501 4479 532 4538 ct
551 4474 586 4538 iu
606 4477 654 4542 eis
674 4485 823 4544 contenta
842 4478 979 4545 fideliter
998 4479 1193 4563 exequendo,
1215 4497 1278 4544 non
1298 4477 1516 4565 permittentes
1540 4478 1667 4545 eosdem
1693 4487 1802 4545 contra
