4459 5167
524 292 576 345 262
778 287 1063 342 Cistereienserinnen·
1082 286 1300 354 (Heiligenblub)
1319 286 1579 340 KlosterWaterler.

524 439 712 521 gregatione
733 456 841 501 earum
862 435 941 499 fiunt
962 442 994 499 et
1013 434 1090 498 fient
1107 434 1140 499 in
1165 440 1350 519 perpetuum
1373 432 1414 495 ad
1437 432 1562 497 laudem
1584 432 1703 498 domini
1733 433 1837 498 nostri

524 529 618 592 ihesu
642 526 769 590 Christi.
812 525 849 587 In
871 544 1001 605 quorum
1022 524 1162 587 omnium
1192 524 1324 589 evidens
1350 523 1577 599 testimonium,
1604 523 1680 603 quia
1706 522 1837 605 proprio

524 616 631 696 sigillo
658 630 813 691 caremus,
842 617 1021 693 presentem
1048 611 1186 675 litteram
1213 612 1320 693 sigillo
1347 610 1467 673 domini
1495 608 1687 690 Baldevvini,
1719 609 1837 674 decani

524 703 658 768 ecclesie
685 702 789 767 sancti
817 700 917 764 Blasii
944 701 978 763 iu
1004 700 1225 780 Bruueswich,
1254 698 1420 764 confratris
1454 698 1568 777 nostri,
1596 698 1838 781 procuravimus

525 792 671 875 sigillari.

600 908 706 962 Urscbr.
726 906 811 959 Wcrn.
848 905 897 957 Aa
918 906 1097 960 rotbscideaer
1121 906 1229 960 Solantur
1256 907 1341 975 bainpt
1367 907 1592 975 [repraestartscb
1615 905 1665 959 das
1693 905 1839 972 spicoma

525 979 612 1048 Siepei
631 979 660 1030 in
676 983 790 1046 pretrwm
806 976 910 1029 Waebs.

526 1098 636 1181 1312.
664 1098 752 1178 Mal
771 1098 810 1178 8.
1773 1098 1837 1179 57.

625 1231 693 1296 Der
714 1231 817 1295 stater
836 1232 1004 1294 Hcrrrrana
1029 1252 1089 1295 vora
1111 1231 1253 1295 Goroiseb
1274 1233 1420 1314 naturast
1440 1233 1508 1295 dem
1529 1232 1568 1295 K
1571 1233 1661 1296 tester
1683 1232 1840 1296 Watcrier

626 1332 694 1393 cine
720 1329 809 1392 balbe
832 1329 923 1408 Hafa
948 1328 1097 1405 daseibst,
1123 1330 1198 1392 awai
1219 1329 1391 1411 Hofstellca
1417 1330 1487 1393 aad
1516 1331 1605 1393 cinea
1631 1330 1839 1410 arcpchdripen

626 1426 798 1504 Holafleck,
832 1426 956 1488 roeicbes
980 1425 1177 1489 Beatatbam
1206 1425 1320 1489 Walter
1348 1448 1375 1489 a.
1401 1427 1465 1489 Lcr
1494 1448 1552 1489 voa
1586 1428 1650 1489 ihm
1676 1447 1718 1489 aa
1747 1427 1839 1489 Iaebn

626 1529 788 1604 petrapert,
820 1524 902 1585 arceb
936 1523 1026 1585 einen
1050 1524 1122 1586 dart
1150 1523 1311 1603 pelopenca
1340 1524 1419 1605 Hos,
1450 1526 1518 1588 cirre
1545 1523 1734 1605 Vicatclhafc
1766 1524 1838 1587 aad

626 1621 704 1683 euoch
734 1622 824 1683 cinea
855 1619 930 1698 Hof
955 1621 1024 1683 rrrtd
1054 1621 1130 1684 araci
1159 1618 1342 1699 Holallecha,
1374 1624 1464 1685 einen
1495 1622 1543 1686 bct'
1571 1620 1739 1697 Wetcrlcr,
1775 1622 1838 1685 den

629 1718 754 1781 andern
774 1717 821 1780 bei
841 1717 968 1779 Berssei
986 1716 1117 1798 pelepca.

607 1834 674 1897 Nos
706 1832 905 1896 Hermannns
938 1834 1030 1897 miles
1060 1832 1164 1897 dictus
1195 1833 1236 1898 de
1266 1834 1413 1899 Gowisee
1446 1835 1698 1918 recognoscimus
1729 1856 1839 1901 eoram

526 1923 684 1988 universis
717 1920 952 1985 eristifidelibns
983 1921 1109 2003 publice
1144 1929 1367 2006 protestantes,
1403 1924 1487 2005 quod
1519 1942 1576 1989 nos
1605 1924 1646 1987 de
1680 1944 1838 1989 consensu

525 2014 657 2078 fratrum
686 2016 918 2074 nostrorumst
945 2010 1095 2074 heredum
1123 2012 1324 2094 omniumque
1357 2031 1480 2094 eorum,
1505 2032 1636 2095 quorum
1664 2032 1838 2081 consensus

526 2100 733 2185 requirendus
754 2100 865 2176 fuerat,
887 2097 1088 2164 vendidimus
1110 2101 1278 2165 conventui
1292 2107 1324 2164 et
1337 2102 1527 2166 monasterio
1548 2101 1839 2167 sanctimonialium

526 2192 561 2254 in
582 2188 756 2253 Waterlere
781 2187 948 2251 dimidium
974 2208 1119 2252 mansum
1143 2189 1237 2254 situm
1261 2190 1295 2254 in
1322 2190 1443 2273 campis
1471 2190 1590 2254 ibidem
1617 2209 1687 2255 cum
1712 2190 1839 2257 duabus

527 2278 612 2342 areis
639 2276 770 2340 invilla
795 2274 907 2339 eadem
932 2276 1165 2357 pertinentibus
1191 2276 1234 2341 ad
1261 2297 1346 2358 eum,
1374 2285 1405 2341 et
1430 2297 1526 2341 unum
1546 2279 1649 2342 locum
1675 2278 1839 2359 silvarum,

528 2367 581 2450 qui
615 2367 712 2430 etiam
744 2363 787 2429 ad
820 2384 891 2428 eum
922 2366 1061 2448 pertinet
1092 2385 1163 2429 cum
1194 2367 1388 2449 proprietate
1417 2372 1448 2430 et
1475 2368 1560 2431 omni
1591 2368 1657 2431 iure
1684 2374 1838 2449 perpetuo

527 2453 769 2539 possidendum
796 2472 888 2535 quem
910 2454 1036 2535 quidem
1057 2455 1224 2518 dimidium
1246 2474 1388 2519 mausum
1409 2460 1441 2519 et
1462 2474 1515 2537 ea,
1535 2476 1596 2538 que
1617 2458 1840 2540 prenominata

528 2550 602 2609 sunt
633 2542 676 2607 ad
704 2543 808 2625 ipsum
837 2542 1044 2625 pertinentia,
1073 2543 1252 2608 Woltherus
1284 2543 1324 2608 de
1356 2544 1437 2608 Lere
1468 2564 1488 2607 a
1520 2545 1612 2610 uobis
1637 2544 1840 2628 pheudaliter

528 2640 673 2697 tenuerat
692 2630 874 2713 aliquando.
916 2630 996 2695 Item
1012 2631 1215 2696 vendidimus
1238 2634 1404 2697 conventui
1427 2639 1459 2699 et
1479 2634 1671 2699 monialibus
1684 2633 1840 2718 predictis

528 2739 624 2784 unam
645 2720 774 2799 curiam,
796 2738 857 2802 que
877 2719 980 2783 fuerat
1000 2719 1122 2782 Hinrici
1135 2719 1269 2783 Alberus
1292 2719 1380 2799 dicti,
1402 2727 1433 2785 et
1453 2723 1598 2803 quartale
1619 2722 1712 2789 unius
1733 2724 1839 2787 mansi

528 2810 657 2889 ibidem,
679 2829 775 2873 unam
797 2808 917 2873 curiam
938 2812 969 2870 et
990 2805 1052 2871 duo
1073 2808 1144 2871 loca
1165 2808 1330 2890 lignorum,
1351 2828 1482 2890 quorum
1505 2829 1585 2874 unus
1600 2810 1687 2895 apud
1703 2811 1839 2876 eandem

528 2896 653 2978 villam,
684 2898 775 2971 alter,
791 2918 865 2962 vero
900 2895 986 2978 apud
1016 2895 1128 2958 villam
1162 2896 1271 2960 Bersle
1304 2898 1452 2977 situatur,
1484 2918 1544 2980 que
1580 2898 1720 2964 Conradi
1752 2898 1840 2983 apud

528 2988 655 3053 stubam
681 2988 815 3051 fueraut.
857 2985 925 3048 Hee
946 2983 1043 3047 etiam
1072 2985 1119 3060 eis
1145 2984 1346 3051 vendidimus
1372 3006 1442 3049 cum
1471 2988 1664 3070 proprietate
1694 2994 1725 3053 et
1752 2990 1839 3055 omni

529 3077 665 3140 utilitate
696 3082 729 3140 et
754 3079 822 3138 iure
854 3078 1008 3155 perpetuo
1034 3072 1244 3155 possidenda,
1276 3076 1497 3140 renunciantes
1529 3076 1616 3141 omni
1644 3078 1718 3153 iuri,
1752 3079 1839 3160 quod

528 3164 621 3229 nobis
641 3171 673 3228 et
697 3164 813 3229 nostris
834 3159 1004 3226 heredibus
1024 3161 1057 3225 in
1086 3161 1148 3226 hiis
1176 3164 1267 3228 bonis
1295 3163 1475 3246 aliqualiter
1503 3166 1717 3249 competebat,
1744 3166 1838 3231 nobis

529 3258 561 3318 et
581 3252 751 3318 heredibus
772 3251 888 3315 nostris
909 3248 941 3312 iu
966 3249 1013 3313 eis
1034 3250 1133 3314 nichil
1146 3251 1224 3316 iuris
1244 3252 1368 3336 penitus
1383 3258 1588 3318 reservantes.
1622 3254 1839 3319 Promittimns

528 3342 752 3405 nichilominus
772 3359 829 3423 per
856 3343 1031 3421 presentes,
1060 3339 1145 3420 qued
1169 3347 1356 3405 conventum
1383 3348 1414 3405 et
1438 3342 1661 3406 monasterium
1681 3344 1837 3427 prenomi-

528 3436 639 3495 natum
659 3430 700 3494 de
721 3429 822 3508 bouis,
842 3427 942 3506 areis,
966 3426 1075 3509 curiis,
1097 3428 1189 3493 silvis
1211 3428 1363 3511 predictis
1384 3429 1642 3495 warandabimus
1662 3438 1693 3495 et
1713 3452 1837 3497 vvaran-

529 3519 616 3585 diam
636 3518 844 3584 sufficientem
864 3516 1076 3599 prestabimus
1097 3518 1224 3599 quando
1246 3524 1277 3582 et
1298 3518 1476 3601 ubieunque
1504 3519 1551 3583 eis
1577 3536 1656 3601 opus
1682 3520 1840 3585 exstiterit

528 3614 560 3673 et
590 3626 685 3690 quum
715 3627 737 3671 a
768 3605 861 3669 nobis
889 3604 983 3668 fuerit
1012 3606 1206 3687 requisitum.
1254 3606 1357 3671 Huius
1386 3606 1462 3670 lacti
1491 3606 1589 3671 nostri
1622 3613 1718 3672 testes
1751 3616 1837 3672 sunt:

527 3696 686 3761 Iohannes
724 3700 756 3759 et
790 3692 980 3766 Bartoldus¹
1013 3689 1054 3756 de
1080 3693 1262 3776 Rymbeke,
1294 3694 1452 3758 Iohannes
1479 3694 1584 3759 dictuus
1619 3692 1839 3777 Middenbose,

528 3784 662 3864 milites,
682 3788 714 3848 et
733 3782 796 3845 viri
815 3781 873 3845 alii
892 3780 1055 3865 fidedigni.
1096 3782 1246 3848 Preterea
1264 3783 1298 3847 in
1317 3783 1469 3847 maiorem
1490 3782 1565 3848 lacti
1586 3783 1684 3847 nostri
1709 3783 1838 3849 eviden-

527 3875 606 3938 tiam
626 3891 758 3956 presens
777 3870 930 3954 scriptum
952 3870 1027 3936 iude
1047 3871 1223 3937 confectum
1244 3871 1390 3936 dedimus
1411 3872 1606 3955 appensione
1625 3872 1725 3937 nostri
1739 3873 1837 3955 sigilli

529 3963 722 4027 roboratum.

609 4050 728 4113 Datum
760 4054 791 4113 et
822 4054 929 4114 aetum
959 4069 1043 4115 anno
1073 4050 1194 4115 domini
1223 4048 1450 4132 timueritis,
1483 4049 1564 4114 feria
1595 4048 1737 4137 secunda
1765 4056 1838 4134 post

529 4136 715 4219 Walburgis
732 4138 879 4220 virginis.

602 4236 717 4303 capara
736 4236 780 4289 aa.
799 4226 859 4291 rob.

602 4324 631 4391 1)
648 4322 703 4377 aa
719 4322 845 4379 Abuca.-
864 4324 1005 4380 naeuus
