4459 5167
504 270 558 324 264
757 268 1042 324 Cistereiensorinnen-
1059 267 1279 337 (Heiligenblut-)
1299 267 1559 325 Klostchaterler.

504 418 704 502 perhennari.
745 418 828 483 Hinc
848 423 906 498 est,
930 416 1014 500 quod
1034 421 1142 481 notum
1163 435 1232 481 esse
1252 416 1398 481 volumus
1418 415 1575 481 universis
1596 422 1660 481 tam
1685 434 1822 499 presen-

506 509 590 572 tibus
612 526 707 590 quam
727 509 839 573 futuris
860 507 1027 592 presencie
1036 506 1152 571 visuris
1166 525 1222 571 seu
1236 503 1391 568 audituris
1407 511 1439 570 et
1454 504 1580 587 publice
1594 510 1823 588 protestamur,

507 596 591 677 quod
622 603 751 680 propter
787 598 881 663 deum
915 603 947 661 et
973 596 1014 660 ob
1045 594 1180 659 salutem
1212 600 1388 659 nostrarum
1421 593 1595 657 animarum
1624 612 1696 658 oum
1727 594 1823 658 bona

506 686 669 752 voluntate
690 692 722 750 ot
742 706 897 751 consensu
918 691 1093 750 nostrorum
1115 683 1266 749 heredum
1287 689 1318 747 et
1340 682 1488 762 omniurn,
1511 701 1640 764 quorum
1663 682 1822 747 intererat

507 776 700 854 consentire,
730 775 876 841 dedimus
899 781 931 841 et
950 795 1008 856 per
1028 778 1191 857 presentes
1211 772 1323 836 damus
1344 792 1425 837 novo
1450 772 1564 836 clastro
1578 774 1613 852 (l)
1636 778 1822 836 constructo

507 866 540 929 in
562 863 688 929 laudem
709 872 741 929 et
761 864 911 930 honorem
937 863 1020 927 sacri
1044 870 1076 926 et
1096 860 1233 945 preciosi
1258 860 1423 941 sanguinis
1449 860 1566 923 domini
1598 860 1696 923 nostri
1721 859 1823 924 llresu

508 954 625 1019 Christi
654 952 857 1035 eiusdemque
888 955 998 1016 matris
1026 951 1162 1030 uirginis
1189 950 1289 1014 Mario
1320 950 1353 1013 in
1380 948 1552 1013 Waterlere
1588 949 1819 1032 proprietatem

507 1041 600 1106 unius
627 1043 730 1105 mansi
757 1042 810 1107 siti
838 1042 870 1105 in
899 1042 1041 1124 Odorpe,
1072 1058 1167 1121 quam
1189 1058 1246 1103 nos
1272 1043 1303 1101 et
1328 1037 1425 1101 nostri
1452 1038 1669 1120 progenitores
1696 1038 1822 1103 habere

507 1130 702 1194 dinoscimur
717 1148 827 1193 manso
840 1131 873 1193 in
889 1129 999 1194 eodem
1020 1128 1130 1204 libere,
1150 1127 1265 1209 quiete,
1286 1125 1418 1210 pacifice
1439 1126 1600 1209 perpetuis
1619 1126 1821 1209 temporibus

507 1219 712 1301 proprietatis
733 1218 823 1282 titulo
844 1214 1079 1300 possidendam,
1101 1215 1254 1297 volentes,
1275 1219 1309 1279 ut
1330 1214 1456 1278 domine
1477 1232 1532 1277 scu
1549 1234 1670 1279 sorores
1691 1215 1821 1281 infirme

507 1307 627 1371 ibidem
649 1306 830 1389 languendo
851 1305 1075 1371 decumbentes
1095 1304 1237 1369 habeant
1257 1309 1428 1387 proventus
1449 1302 1518 1367 sive
1539 1303 1658 1369 fructus
1684 1304 1724 1368 de
1746 1325 1823 1389 pre-

508 1394 593 1460 dicto
618 1414 728 1459 manso
756 1401 788 1460 et
811 1396 1004 1479 proprietate
1030 1392 1173 1458 eiusdem
1200 1392 1242 1457 ad
1270 1391 1471 1457 relectionem
1497 1410 1621 1456 suorum
1650 1413 1821 1476 corporum

508 1492 540 1550 et
560 1484 602 1547 ad
624 1504 698 1549 usus
718 1504 792 1548 suos
812 1485 1008 1548 necessarios
1029 1480 1263 1565 expendendos.
1292 1479 1336 1545 Ut
1347 1480 1442 1562 igitur
1459 1486 1567 1544 nostra
1579 1479 1708 1546 donatio
1723 1481 1820 1547 firma

507 1578 540 1638 et
559 1574 745 1638 inconvulsa
767 1592 787 1635 a
807 1575 923 1637 nostris
944 1568 1177 1635 successoribus
1196 1569 1351 1634 inviolata
1374 1570 1404 1630 in
1423 1573 1608 1651 perpetuum
1623 1575 1819 1650 perseveret,

506 1682 638 1746 presens
664 1663 816 1746 scriptum
843 1660 942 1725 nostri
966 1659 1065 1742 sigilli
1092 1659 1272 1723 roboratum
1299 1656 1470 1720 munimine
1502 1656 1644 1739 predicte
1679 1658 1819 1724 ecclesie

508 1751 695 1816 contulimus
722 1752 755 1815 in
784 1756 972 1834 perpetuum
998 1748 1212 1812 testimonium
1241 1752 1273 1810 et
1300 1746 1464 1811 cautelam.
1506 1744 1619 1811 Testes
1648 1747 1741 1811 huius
1771 1748 1821 1813 rei

507 1846 594 1903 sunt:
622 1837 768 1902 dominus
796 1838 952 1902 Henrious
971 1836 1081 1920 Spirig
1106 1836 1225 1915 senior,
1250 1835 1395 1899 dominus
1416 1833 1604 1899 Fredericus
1622 1834 1727 1915 Friso,
1754 1836 1819 1901 Lu-

507 1927 611 1992 dollus
633 1926 673 1991 de
692 1926 943 2009 Winighestede,
964 1926 1095 2007 milites3
1112 1931 1145 1989 et
1166 1926 1222 1990 alii
1244 1924 1446 2008 quamplures
1469 1923 1633 2006 fidedigni.

586 2016 704 2081 Datum
730 2022 762 2079 et
789 2022 895 2081 actum
922 2034 1006 2079 anno
1033 2013 1154 2079 domini
1184 2012 1323 2079 ΜΟΟΟΟο
1350 2012 1535 2093 tredecimo,
1567 2014 1629 2077 111⁰
1658 2012 1820 2081 kalendas

507 2105 662 2171 Octobris.

583 2228 689 2284 Ursulo.
704 2228 794 2283 Wern.
830 2227 892 2283 Dos
906 2228 977 2297 galbe
999 2226 1176 2297 Waonsepu
1192 2244 1213 2282 s.
1236 2227 1294 2295 lot.
1312 2226 1351 2294 X,
1371 2227 1424 2281 Nr.
1443 2230 1486 2281 73.

507 2412 619 2495 1314.
644 2411 772 2514 April
789 2412 852 2495 23.
1744 2414 1816 2495 ou.

608 2553 811 2635 Errpelbreobt
829 2575 888 2618 ooo
909 2554 1060 2619 Locbtrrm
1078 2556 1155 2636 otor,
1179 2555 1221 2619 im
1241 2555 1317 2619 Fau
1337 2576 1370 2619 cr
1391 2556 1468 2619 eboc
1491 2554 1615 2619 Kladcr
1634 2575 1676 2620 ra
1696 2557 1818 2621 blato·

608 2652 711 2715 lossea
738 2651 893 2728 omstirbt,
923 2653 993 2716 oon
1015 2652 1147 2717 Kloster
1174 2652 1326 2717 Wctcrler
1350 2654 1426 2717 roei
1452 2652 1565 2734 Hersen
1587 2653 1721 2718 dosclbst
1745 2656 1818 2719 tend

610 2747 679 2811 ciac
698 2748 849 2828 Hosstollc
877 2750 912 2813 ire
934 2750 1037 2830 Odorp
1055 2753 1113 2832 fiir
1127 2748 1318 2827 Scelrucsserc,
1339 2750 1520 2816 Jabrccr'tco
1541 2750 1610 2813 uod
1629 2750 1750 2831 Spcude
1770 2773 1817 2817 arr

608 2845 660 2909 die
678 2846 809 2923 Armes,
830 2847 906 2910 doch
924 2847 982 2910 met
1009 2846 1137 2913 Vorbolt
1156 2849 1212 2911 cler
1230 2847 1408 2929 Ruhdntte
1426 2849 1488 2928 auf
1509 2847 1693 2913 Lebensseit.

589 2978 659 3060 Ego
676 2978 887 3061 Engelbertus
908 2980 1011 3046 dietus
1033 2980 1074 3046 de
1097 2981 1258 3047 Lochtene
1279 2982 1322 3047 ad
1338 2982 1488 3048 noticiam
1508 2982 1702 3066 singulorum
1721 2985 1816 3068 cupio

507 3068 689 3151 pervenire,
716 3067 799 3150 quod
820 3069 852 3131 in
874 3071 1008 3137 salntem
1032 3077 1064 3134 et
1084 3071 1258 3137 remedium
1278 3070 1383 3136 anime
1403 3090 1472 3136 mee
1494 3076 1526 3135 et
1547 3078 1711 3155 parentum
1732 3092 1816 3138 meo-

508 3175 576 3220 rum
596 3154 671 3220 dedi
690 3161 722 3220 et
740 3155 782 3220 do
804 3155 838 3220 in
862 3156 924 3222 hiis
946 3158 1072 3241 scriptis
1091 3160 1176 3224 bona
1195 3160 1357 3224 voluntate
1383 3160 1551 3225 conventui
1577 3161 1762 3226 monialium
1782 3162 1816 3226 in

508 3245 685 3309 Waterlere
706 3242 785 3309 duos
806 3266 934 3312 mansos
954 3248 1032 3313 sitos
1052 3249 1086 3312 in
1110 3267 1222 3332 campo
1244 3248 1319 3313 ville
1340 3248 1514 3313 Waterlere
1539 3256 1571 3314 et
1591 3268 1686 3314 onam
1707 3270 1815 3315 aream

509 3334 605 3399 sitam
626 3333 659 3398 in
680 3332 808 3417 Odorpe
830 3335 1005 3400 cumomni
1027 3337 1094 3401 iure
1116 3343 1149 3402 et
1169 3336 1369 3420 pertinentiis
1390 3337 1593 3418 quibuslibet,
1613 3338 1695 3404 sicut
1717 3360 1816 3423 usqne

509 3423 543 3489 in
564 3441 696 3506 presens
716 3422 862 3489 dinoscor
882 3424 1070 3508 possedisse.
1112 3426 1162 3489 De
1182 3425 1245 3489 hiis
1264 3432 1369 3489 autem
1391 3426 1514 3491 duobus
1534 3428 1654 3492 mansis
1674 3429 1817 3511 predicte

510 3511 665 3578 moniales
686 3518 717 3576 et
735 3514 913 3597 provisores
934 3516 1074 3598 ipsarum
1095 3515 1217 3580 dabunt
1235 3514 1269 3578 in
1285 3516 1378 3579 annis
1396 3515 1531 3597 singulis
1545 3534 1670 3599 semper
1686 3518 1719 3582 in
1735 3520 1816 3583 l'esto

509 3601 597 3666 beati
617 3600 747 3667 Martini
768 3603 935 3668 duodecim
956 3604 1133 3669 malderata
1152 3605 1249 3669 tritici
1270 3611 1301 3669 et
1321 3604 1488 3669 duodecim
1509 3604 1687 3670 malderata
1712 3625 1817 3689 avene

510 3689 661 3771 quamdiu
685 3691 802 3757 vixero.
848 3692 1019 3776 Postquam
1050 3699 1156 3757 autem
1183 3698 1322 3757 mortuus
1348 3694 1450 3768 fuero,
1478 3692 1620 3777 predicto
1647 3696 1815 3760 conventui

509 3778 694 3845 monialium
715 3780 897 3847 dimidietas
914 3782 1127 3865 predictorum
1141 3780 1384 3846 malderatorum
1396 3781 1495 3847 libere
1507 3782 1636 3847 vacabit
1653 3791 1815 3867 perpetuo,

511 3886 568 3951 pro
589 3885 651 3948 quo
670 3868 922 3934 anniversarium
942 3888 1055 3950 meum,
1076 3868 1178 3951 patris
1198 3869 1261 3935 mei
1284 3873 1317 3933 ct
1336 3870 1445 3934 matris
1468 3888 1536 3935 mee
1556 3870 1627 3955 ipso
1643 3872 1695 3936 die
1711 3872 1816 3939 obitus

510 3956 574 4020 mei
594 3955 688 4020 annis
708 3957 843 4040 singulis
863 3958 897 4021 in
918 3964 1103 4042 perpetuum
1125 3958 1237 4040 peragi
1258 3957 1376 4023 debent
1396 3958 1427 4021 in
1453 3959 1573 4042 vigiliis
1595 3969 1626 4025 et
1650 3962 1815 4027 missarum

510 4043 698 4122 sollemniis,
727 4051 759 4109 et
784 4046 851 4110 alie
871 4045 1054 4110 dimidietas
1076 4048 1246 4111 eorundem
1267 4048 1509 4113 malderatorum
1534 4050 1605 4134 ipso
1632 4050 1684 4115 die
1711 4050 1817 4117 obitus

510 4134 574 4199 mei
599 4135 693 4199 annis
723 4135 857 4218 singulis
882 4135 915 4198 in
941 4154 1016 4199 usus
1041 4154 1215 4219 pauperum
1242 4144 1394 4220 perpetuo
1422 4145 1626 4204 convertetur.
1668 4142 1817 4206 Preterea

510 4224 538 4289 si
560 4224 649 4288 iuxta
674 4224 841 4289 consilium
867 4223 1038 4287 amicorum
1061 4243 1201 4289 meorum
1229 4244 1355 4291 uxorem
1382 4226 1502 4292 duxero
1527 4234 1560 4291 et
1584 4228 1716 4294 heredes
1747 4248 1817 4313 pro·

511 4332 675 4387 creavero,
704 4312 753 4378 illi
774 4310 906 4377 heredes
926 4311 990 4376 mei
1014 4312 1174 4395 predictos
1195 4313 1274 4379 duos
1302 4332 1428 4380 mansos
1451 4321 1484 4381 et
1509 4316 1684 4401 predictam
1709 4337 1815 4383 aream

511 4401 545 4465 iu
566 4421 656 4467 suam
676 4402 909 4486 possessionem
931 4399 1086 4484 recipient
1105 4401 1187 4469 sicut
1207 4402 1273 4471 alia
1292 4403 1377 4469 bone
1401 4422 1485 4489 mea,
1513 4404 1684 4475 donatione
1711 4406 1816 4475 huius-
