4459 5167
527 322 578 378 loa
836 321 1002 395 Augrrstiner
1018 321 1269 382 Einsicdlerklostar
1286 322 1521 398 Himnrelpforten.

523 474 609 540 llsen
629 474 716 538 siner
736 473 843 539 eliken
864 475 1065 539 bustranwen
1092 495 1168 558 myn
1195 476 1359 558 ingesegel
1381 476 1525 541 williken
1547 475 1650 542 hebbe
1672 475 1834 559 gehcnget

527 615 535 629 .
557 612 564 625 .
587 612 594 626 .
617 562 783 627 benedden
805 563 845 627 de
866 563 987 629 sehrifft
1007 563 1119 628 dusses
1142 564 1260 629 breves.

605 653 659 718 Na
683 652 740 716 der
773 652 884 734 gebort
910 652 1006 717 Cristi
1031 671 1127 718 anses
1160 653 1256 718 beron
1287 653 1569 738 veirteynhundert
1600 655 1647 736 jar
1680 656 1714 721 in
1742 655 1834 722 deme

526 742 856 823 drenndesestigesten
873 741 953 824 jare,
976 742 1009 804 in
1030 742 1113 806 sinte
1134 742 1308 823 Gregorien
1331 743 1455 807 abendo
1477 743 1534 807 des
1555 743 1664 824 hilgen
1685 745 1792 809 lerers.

602 858 708 912 Urscltr.
727 857 802 925 Perp.
821 873 855 910 m.
874 855 958 926 &iacet
976 858 1035 925 (aql.
1054 857 1097 909 dia
1114 857 1180 911 Abb.
1200 858 1327 911 Zeitsclm.
1348 857 1373 912 d.
1393 859 1507 913 H.-Va.
1527 859 1586 913 III.
1606 863 1683 914 1870.
1702 864 1726 916 6.
1737 861 1832 930 stapes

528 929 594 997 tusci
611 928 663 982 Nr.
682 932 717 981 10
734 945 761 980 a.
781 927 808 981 S.
828 929 926 994 99215.)
944 929 982 980 im
1000 926 1172 981 Stadbrrebir
1188 945 1222 980 aa
1246 928 1334 982 libra.
1377 929 1433 982 Voa
1457 945 1569 982 casseu:
1590 931 1685 986 littora
1702 933 1736 986 de
1754 937 1833 1000 prato

526 1000 633 1055 nornine
656 997 827 1053 lisvsrflucht
844 997 869 1050 V
887 997 970 1051 schill.
989 1014 1058 1053 cens.
1081 1014 1108 1051 a.
1134 1015 1185 1051 rna
1208 1001 1224 1050 1
1244 997 1399 1052 Haralscbr.
1422 1016 1444 1053 a.
1463 999 1543 1052 Faria
1560 998 1587 1052 d.
1607 1003 1648 1054 15.
1667 1001 1730 1056 Jb:
1756 1001 1833 1056 Nrmc

527 1071 663 1124 Kuncken.

526 1261 641 1344 1463.
670 1259 921 1362 September
938 1260 996 1339 11.
1023 1256 1267 1341 Heudeber.
1658 1268 1665 1276 '
1764 1264 1830 1347 89.

625 1395 979 1459 Notariatsiaotrameat
997 1393 1073 1456 tiber
1092 1394 1153 1456 dea
1175 1393 1295 1458 Protest
1313 1394 1367 1458 des
1388 1394 1497 1459 Priora
1515 1416 1575 1460 aar
1594 1397 1833 1480 Hammelptorte

622 1514 718 1575 papea
738 1493 789 1556 die
808 1492 989 1573 qesobcbeae
1006 1492 1235 1572 Verpfdaduap
1262 1493 1314 1554 des
1334 1494 1436 1572 troica
1456 1492 1496 1557 K
1498 1493 1657 1577 lcsterbcfs
1682 1515 1723 1560 aa
1744 1495 1832 1559 Herr-

624 1592 714 1655 deber
732 1590 802 1653 atad
821 1589 975 1670 Zatpaiss
995 1590 1052 1652 der
1072 1590 1213 1670 dcrtipea
1231 1589 1420 1654 Etarcobaer
1446 1591 1522 1654 aber
1544 1592 1595 1655 die
1615 1592 1695 1673 treis
1715 1593 1831 1674 Elpen-

624 1689 728 1770 scbaft
747 1688 845 1751 dieses
865 1686 956 1767 Hafa.

603 1815 640 1878 ln
662 1813 790 1877 nornine
806 1811 927 1875 domini
948 1829 1051 1876 amen.
1078 1811 1171 1874 Anno
1188 1810 1367 1875 nativitatis
1381 1810 1522 1876 eiusdem
1534 1811 1832 1896 moedoruxlsso,

523 1903 697 1970 indictione
731 1901 870 1980 decima,
897 1900 950 1965 die
976 1920 1050 1965 vero
1079 1900 1252 1980 (lominica,
1284 1920 1344 1982 que
1373 1906 1447 1964 tunc
1479 1901 1624 1983 proxima
1653 1909 1722 1967 erat
1750 1904 1830 1968 festo

521 1992 700 2058 nativitatis
720 1989 821 2056 Marie
842 1989 874 2052 in
902 1989 971 2071 ipso
997 2008 1105 2052 mense
1127 1988 1319 2072 Septembri,
1347 1989 1549 2072 pontificatus
1576 1991 1768 2056 sanctissimi
1797 1992 1830 2055 in

521 2082 646 2147 Christo
672 2078 773 2161 patris
802 2097 841 2142 ac
866 2077 985 2142 domini
1012 2078 1111 2141 nostri
1140 2078 1259 2142 domini
1284 2077 1334 2140 Pii
1360 2077 1438 2141 diva
1459 2079 1493 2158 (t)
1519 2077 1721 2162 providentia
1745 2099 1831 2166 pape

520 2174 568 2252 2ยน,
590 2189 673 2235 anno
693 2170 762 2233 eius
784 2168 853 2248 V20,
883 2168 960 2232 hora
981 2167 1085 2249 prima
1109 2172 1181 2251 post
1209 2167 1376 2250 prandium
1397 2167 1447 2232 vel
1467 2169 1573 2250 quasi,
1601 2169 1634 2232 in
1657 2170 1744 2234 curia
1763 2171 1829 2255 ple-

521 2260 617 2324 banie
638 2256 727 2342 opidi
747 2254 932 2336 Hadebere,
954 2255 1099 2338 dyocesis
1120 2255 1407 2335 Halbirstadensis,
1430 2257 1463 2319 in
1484 2257 1546 2320 mei
1569 2257 1685 2322 notarii
1708 2259 1830 2343 publici

519 2369 559 2413 ac
580 2347 706 2412 testium
727 2344 1000 2426 infrascriptorum
1026 2343 1089 2408 fide
1115 2344 1282 2425 dignorum
1309 2345 1470 2427 presentia
1490 2343 1658 2425 religiosus
1679 2351 1771 2429 pater
1790 2368 1829 2413 ac

519 2439 665 2504 dominus
686 2436 772 2518 prior
793 2441 966 2498 conventus
978 2433 1070 2497 Porto
1079 2433 1146 2497 Geli
1168 2433 1375 2516 personaliter
1391 2432 1578 2496 constitutus
1595 2453 1664 2497 cum
1677 2437 1829 2502 comitiva

519 2528 581 2592 sibi
609 2525 762 2590 adiuncta
790 2544 811 2587 a
837 2528 1009 2594 conventu3
1043 2521 1084 2586 ad
1119 2522 1152 2584 id
1180 2522 1328 2586 accersiri
1354 2522 1430 2586 fecit
1457 2523 1576 2585 iuratos
1604 2523 1655 2587 vel
1688 2527 1828 2591 seniores

517 2616 633 2702 prefati
657 2613 745 2697 opidi
767 2611 949 2693 Hadebere,
977 2612 1261 2693 sciscitabaturque
1288 2611 1330 2674 ab
1356 2611 1416 2691 eis,
1443 2630 1507 2692 qua
1531 2614 1750 2694 presumcione
1776 2616 1828 2680 vel

516 2705 705 2770 auctoritate
721 2702 1014 2787 inpignoracionem
1031 2701 1167 2764 incuria
1188 2699 1307 2764 ibidem
1328 2701 1446 2764 situata
1461 2699 1509 2762 sui
1521 2701 1637 2783 prelati
1654 2711 1828 2770 conventus

516 2795 625 2868 libera,
647 2811 708 2874 que
724 2789 882 2855 communi
899 2788 1053 2854 vocabulo
1074 2787 1190 2852 dicitur
1207 2787 1295 2852 curia
1310 2787 1543 2866 monachorum,
1564 2788 1722 2873 fecissent,
1741 2793 1826 2874 quod

515 2882 578 2947 sibi
599 2881 759 2946 videretur
779 2885 811 2942 et
837 2878 877 2942 de
904 2876 987 2941 facto
1013 2883 1097 2940 osset
1123 2877 1155 2939 in
1177 2875 1418 2958 derogaoionem
1438 2874 1596 2940 libertatis
1617 2878 1709 2945 istius
1731 2882 1826 2962 curie,

516 2992 593 3054 que,
617 2978 693 3034 uta
714 2969 808 3050 longo
835 2973 976 3049 tompore
1001 2974 1110 3030 notum
1136 2971 1234 3046 esset,
1262 2963 1304 3029 ab
1331 2965 1417 3031 omni
1442 2964 1540 3046 legali
1566 2967 1748 3050 exactione,
1780 2971 1826 3034 in-

515 3059 760 3144 pignoracione,
782 3055 994 3122 arrestatione
1017 3054 1213 3136 servicioque
1233 3053 1467 3118 domicellomm
1489 3071 1616 3136 prorsus
1637 3057 1697 3119 fuit
1719 3059 1826 3123 aliena

515 3155 547 3214 et
568 3154 703 3212 exenrta.
744 3144 1047 3229 Responderuntque
1068 3143 1213 3207 accersiti
1235 3143 1329 3207 iurati
1348 3142 1400 3206 vel
1421 3143 1560 3206 seniores
1582 3144 1705 3226 prefati,
1727 3148 1826 3211 norni-

514 3237 584 3301 nati
605 3235 694 3299 Hans
715 3233 879 3314 Hadeber,
904 3231 1055 3296 Hennink
1077 3230 1165 3295 Bode
1193 3231 1370 3312 ceterique,
1399 3249 1528 3312 quorum
1550 3230 1714 3314 intererat,
1740 3236 1824 3317 quod

516 3326 575 3390 hoc
596 3323 753 3404 iocaliter,
781 3323 902 3404 absque
922 3320 1140 3406 presumcione
1162 3325 1193 3384 et
1220 3321 1340 3402 absque
1367 3320 1432 3385 ulla
1457 3317 1619 3384 voluntate
1647 3321 1825 3405 derogandi

514 3412 565 3478 vel
589 3409 770 3475 destruendi
794 3411 845 3475 vel
862 3407 1081 3473 annichilandi
1094 3407 1145 3471 vel
1161 3407 1338 3472 minorandi
1356 3409 1478 3492 prefate
1495 3409 1652 3474 libertatis
1664 3411 1698 3488 (l)
1719 3420 1824 3479 aetum

513 3503 565 3566 sit.
607 3500 648 3563 st
668 3519 739 3563 curn
760 3499 901 3582 prefatus
922 3502 1014 3581 pater
1034 3496 1229 3560 abdominus
1244 3497 1331 3579 prior
1346 3496 1477 3576 diceret,
1498 3517 1532 3561 se
1544 3498 1626 3563 velle
1645 3499 1825 3568 libertatem

513 3608 569 3654 sue
591 3588 677 3653 curie
698 3586 864 3651 defensare
883 3585 1030 3651 omnibus
1050 3584 1153 3664 mod0,
1172 3586 1226 3649 via
1247 3586 1324 3665 iure,
1345 3605 1442 3650 causa
1463 3586 1578 3668 quibus
1594 3586 1626 3650 id
1641 3590 1823 3657 melioribus

511 3682 628 3762 posset,
650 3674 799 3758 quociens
819 3694 949 3739 necesso
969 3675 1058 3748 foret,
1082 3680 1114 3736 et
1135 3675 1238 3756 ipsam
1260 3692 1367 3738 eorum
1389 3674 1683 3756 inpignoracionem
1704 3679 1821 3746 iactam

512 3765 640 3830 omnino
662 3765 794 3829 iuridioe
815 3764 974 3844 refellere,
1001 3772 1077 3826 tune
1097 3762 1160 3845 ipsi
1184 3762 1395 3846 prenominati
1424 3763 1519 3826 iurati
1543 3763 1633 3847 opidi
1654 3766 1822 3836 Hadebere

512 3853 675 3935 dixerunt,
709 3873 744 3918 se
770 3853 852 3918 scire
881 3873 943 3916 non
972 3852 1068 3916 licere
1094 3851 1387 3935 inpignoraoionem
1415 3852 1448 3914 in
1477 3853 1534 3916 illa
1560 3855 1648 3918 curia
1674 3855 1741 3920 fieri
1770 3859 1822 3924 vel

511 3961 730 4024 quameunque
755 3942 967 4022 exactionem,
994 3960 1052 4004 nec
1080 3959 1227 4022 umquam
1257 3941 1315 4005 boc
1341 3947 1446 4005 actum
1480 3943 1561 4007 inibi
1597 3944 1644 4009 cis
1668 3952 1820 4014 constare.

509 4030 623 4114 Siquid
649 4051 733 4097 nono
759 4037 866 4094 tamen
893 4049 931 4094 en
958 4028 1120 4109 inproviso
1148 4036 1180 4092 et
1202 4029 1322 4110 absque
1342 4030 1472 4094 l'allacia
1491 4031 1609 4096 facturn
1631 4041 1730 4114 esset,
1762 4038 1821 4103 hoe

509 4119 670 4184 humiliter
690 4119 752 4184 sibi
773 4124 918 4202 peterent
938 4115 1114 4197 indulgeri,
1143 4119 1361 4200 promittentes
1386 4117 1517 4184 firmiter
1538 4127 1571 4185 et
1595 4122 1820 4208 sollempniter,

507 4208 593 4291 quod
613 4228 782 4290 numquam
804 4204 926 4288 aliquid
948 4204 1126 4269 huiusmodi
1145 4205 1178 4267 in
1200 4213 1358 4288 posterum
1379 4208 1420 4272 ab
1444 4209 1490 4273 eis
1505 4210 1557 4274 vel
1572 4230 1680 4276 eorum
1698 4231 1820 4281 sucees-

506 4297 631 4363 soribus
658 4296 728 4361 fieri
757 4297 888 4374 debeatอพ
914 4292 998 4376 quod
1034 4293 1062 4357 si
1095 4298 1317 4378 attemptatum
1349 4296 1458 4375 fuerit,
1486 4299 1611 4380 penitus
1639 4301 1760 4367 irritum
1790 4312 1821 4370 ot

506 4387 601 4451 inanc
628 4406 698 4452 esse
728 4384 845 4449 debeat
876 4389 907 4447 et
933 4383 1049 4447 nullius
1078 4383 1198 4448 roboris
1225 4385 1276 4448 vel
1304 4383 1466 4450 momenti.
1513 4386 1631 4469 Sicqne
1656 4393 1820 4458 amicabili

504 4476 726 4559 conposicione
754 4474 841 4556 prior
871 4473 942 4555 ipse
971 4479 1136 4537 contentus
1163 4473 1369 4555 supersedere
1401 4492 1435 4538 se
1468 4474 1551 4541 velle
1578 4479 1739 4564 promisit,
1770 4483 1819 4548 sie
