4459 5167
518 298 571 353 268
772 300 1055 357 Cistcrcionsorinnou-
1077 298 1295 370 (Heiligonblut-)
1313 298 1572 354 Klostchaterler.

516 448 593 514 Post
619 450 749 513 mortem
771 468 846 513 vero
871 450 1028 534 sepedicti
1048 450 1186 514 Conradi
1213 449 1337 514 maldra
1366 467 1404 513 ao
1432 448 1544 531 pensio
1571 444 1762 530 supradicta
1789 445 1836 511 ad

516 538 673 619 prelatum
693 538 864 603 claustrum
885 540 985 605 libere
1005 546 1201 604 revertentur
1222 546 1254 603 et
1273 546 1388 603 extunc
1413 537 1468 602 fiet
1493 536 1534 602 de
1563 535 1626 601 hiis
1657 537 1835 601 conventui

516 626 651 707 singulis
671 627 763 691 annis
785 628 981 693 karitatival
1009 628 1158 711 specialis
1185 628 1363 693 consolacio
1386 627 1445 692 sub
1470 627 1530 691 hac
1554 624 1671 691 forma:
1701 625 1771 689 Ter
1799 626 1834 689 in

517 734 616 793 anno,
638 714 789 780 videlieet
808 717 842 780 in
863 718 1001 782 crastino
1023 717 1109 782 beati
1130 716 1275 796 Martini,
1304 718 1336 780 in
1359 716 1411 779 die
1432 715 1517 780 beati
1541 713 1718 795 Valenti-ni,
1748 714 1836 779 feria

516 802 657 868 secunda
677 810 750 887 post
769 805 961 871 dominicam
982 806 1220 887 „Misericordia
1240 804 1381 871 domini“
1401 810 1571 888 peragetur
1591 803 1745 868 memoria
1761 804 1835 868 eius

517 900 550 957 et
570 892 733 957 Frederici
758 895 835 959 dicti
856 896 999 961 Frisonis
1025 896 1137 961 militis
1164 914 1286 959 necnon
1313 900 1479 978 parentum
1500 892 1640 958 Conradi
1667 894 1773 976 patris
1802 899 1836 958 et

515 980 686 1046 Alveradis
706 985 817 1047 matris
838 982 1007 1049 eorundem
1029 985 1062 1048 in
1083 984 1214 1067 vigiliis
1236 984 1351 1064 missis,
1373 982 1555 1066 psalteriis2
1576 981 1722 1063 legendis
1742 988 1775 1047 et
1798 983 1834 1046 in

517 1069 657 1152 quolibet
678 1072 811 1134 termino
834 1073 977 1155 predicto
999 1080 1117 1153 custos,
1146 1072 1179 1137 id
1208 1081 1256 1138 est
1283 1072 1462 1154 eusterigbe
1487 1070 1671 1135 monasterii
1700 1071 1832 1154 prefati,

517 1158 568 1222 cui
589 1165 705 1223 extunc
724 1161 835 1243 pensio
861 1182 900 1226 ac
920 1161 1044 1226 maldra
1064 1162 1250 1245 supradicta
1273 1161 1554 1245 presentabuntur,
1579 1158 1670 1223 dabit
1695 1157 1737 1223 do
1768 1160 1834 1225 biis

517 1249 687 1311 couventui
718 1268 812 1313 unum
852 1253 1005 1316 talentum
1032 1250 1345 1316 Halberstadensium
1379 1250 1594 1331 denariorum,
1626 1246 1710 1331 quod
1747 1249 1835 1314 inter

518 1336 605 1418 ipsas
637 1337 793 1417 equaliter
819 1340 981 1422 partietur.
1022 1340 1206 1404 Providobit
1232 1343 1329 1405 etiam
1356 1340 1390 1404 in
1417 1338 1663 1421 quadragesima
1691 1338 1834 1421 singulis

518 1422 630 1488 diebus
651 1427 819 1490 conventui
840 1426 881 1490 de
903 1446 963 1492 uuo
979 1428 1072 1511 epulo
1093 1426 1276 1508 karitativo,
1298 1434 1390 1510 prout
1407 1428 1468 1493 sibi
1487 1426 1647 1493 videbitur
1663 1428 1831 1511 expedire.

517 1515 555 1577 In
577 1515 666 1578 ouius
686 1515 732 1579 rei
754 1515 885 1580 evidens
905 1518 1119 1581 testimoninm
1140 1518 1248 1599 sigilla
1267 1525 1375 1583 nostra
1396 1538 1467 1582 curn
1489 1517 1605 1599 sigillis
1627 1515 1771 1582 Conradi
1799 1522 1832 1582 ct

517 1603 825 1670 FridericiFrisonis
839 1606 968 1669 fratrum
980 1606 1201 1688 premissorum
1213 1613 1358 1690 patenter
1370 1606 1570 1689 presentibus
1589 1610 1661 1670 sunt
1672 1624 1832 1689 appensa.

517 1693 629 1757 Testes
651 1692 743 1757 buius
765 1695 810 1758 rei
837 1700 922 1759 suut:
951 1694 1080 1759 discreti
1106 1696 1167 1760 viri
1189 1694 1354 1761 Corradus
1375 1695 1546 1759 canonicus
1566 1695 1700 1759 ecclesie
1723 1694 1831 1759 saneti

517 1781 608 1845 Pauli
635 1782 926 1856 Halberstadensis,
954 1784 1113 1848 Iohannes
1134 1784 1289 1867 plebanus
1319 1783 1352 1847 in
1374 1783 1610 1865 Horneborech,
1638 1781 1832 1848 Frederious

519 1875 689 1953 perpetuus
710 1871 848 1935 vicarius
869 1871 1004 1950 ibidem;
1032 1871 1231 1936 Borcbardus
1255 1872 1358 1936 dictus
1379 1871 1419 1935 de
1441 1870 1653 1951 Asseboreob,
1673 1871 1831 1936 Ludolfus

516 1958 621 2023 dictus
632 1958 673 2023 de
684 1959 937 2041 Wioningstede,
950 1960 1079 2041 milites,
1101 1960 1339 2026 Hineemannus
1357 1958 1460 2024 dictus
1470 1959 1510 2023 de
1523 1958 1667 2041 Getlede,
1678 1958 1832 2038 famulus,

518 2054 550 2113 et
570 2049 771 2131 quamplures
794 2048 848 2112 alii
870 2047 1032 2130 fidedigni.

599 2136 717 2200 Datum
738 2136 825 2212 Lere,
849 2156 932 2201 anno
954 2137 1074 2203 domini
1094 2137 1394 2218 M⁰C⁰G⁰C⁰XVIII⁰,
1416 2136 1564 2203 kalendis
1585 2136 1672 2203 Maii.

593 2253 698 2307 Urscbr.
713 2252 803 2306 Wcm.
838 2252 976 2307 Weurend
995 2253 1039 2307 de
1056 2253 1244 2323 Kbrstcrsrcpcl
1266 2254 1340 2309 nicht
1357 2254 1432 2307 urcbr
1449 2252 1603 2306 turbandae
1620 2252 1697 2321 sr'nd,
1719 2253 1758 2308 ist
1775 2270 1828 2307 ron

518 2323 659 2377 demde
669 2323 746 2376 Gcbr.
758 2323 874 2376 Koorud
891 2334 925 2383 (υ.
935 2323 1074 2390 Biwcndc)
1092 2324 1152 2376 und
1163 2323 1303 2377 Fricdricb
1320 2324 1388 2377 uccb
1402 2324 1431 2390 jc
1448 2324 1493 2376 eiu
1507 2323 1679 2377 Brucbstdelu
1696 2324 1827 2377 critaltcn.

518 2394 580 2447 Das
597 2392 727 2446 Komaria
745 2393 822 2459 (IV.)
840 2411 862 2445 o.
882 2393 917 2445 Β.
934 2393 1018 2461 findet
1034 2395 1091 2447 sicb
1109 2394 1303 2447 Harrreitscbr.
1321 2398 1340 2447 8
1359 2394 1461 2461 (1875),
1487 2393 1515 2447 S.
1535 2396 1570 2447 72
1588 2394 1747 2461 bccprocbeu
1766 2392 1828 2447 mad

522 2465 581 2529 los.
602 2464 648 2529 Π,
669 2463 722 2516 Nr.
741 2468 759 2515 3
777 2463 926 2531 abpclrildet.
967 2464 1008 2516 Es
1034 2464 1097 2517 sind
1123 2465 1190 2517 uoclr
1217 2464 1289 2518 berllc
1314 2463 1401 2518 Fdsse
1427 2463 1472 2516 des
1498 2462 1598 2517 Hubus
1623 2480 1658 2517 zu
1682 2464 1827 2517 aaaron.

519 2535 578 2600 Aut
598 2533 657 2587 dem
674 2532 793 2586 dandas.
812 2534 838 2587 S.
858 2536 893 2587 73
912 2534 1066 2587 aarum
1086 2534 1146 2600 Taf.
1165 2534 1208 2599 Π,
1227 2534 1308 2588 Νν.7
1323 2534 1357 2588 ab
1373 2533 1498 2588 mucan
1516 2533 1600 2602 Sr'cpel
1617 2533 1663 2587 des
1681 2532 1827 2587 Friedrich

518 2604 692 2729 {mereim
718 2604 757 2657 bei
778 2620 887 2657 uncum
909 2604 1093 2659 Bnrcbstdclse
1115 2604 1167 2658 dua
1190 2603 1320 2659 Stbkude
1407 2604 1522 2672 Spotcns
1546 2604 1603 2659 rinc
1625 2603 1828 2673 corrueruntque

590 2773 616 2839 1)
637 2770 768 2827 karitate..
791 2801 822 2809 -
840 2770 867 2837 2)
885 2768 1003 2826 Hdsclrr.
1022 2771 1167 2841 spsltoriis.

519 3033 630 3114 1318.
658 3033 746 3115 llai
764 3035 800 3117 1.
835 3034 1082 3132 bombum,
1760 3032 1827 3117 65,

618 3168 757 3233 Kourud
777 3190 836 3234 ooo
855 3168 1021 3251 Biweode,
1046 3168 1242 3249 Burpmunu
1260 3188 1302 3235 ru
1321 3168 1502 3251 Horuburp,
1522 3169 1587 3250 pror
1605 3168 1674 3233 deur
1694 3166 1734 3233 K
1736 3168 1829 3233 oster

623 3266 878 3429 Wfflnffllq
905 3267 996 3348 Herse
1028 3286 1071 3333 au
1103 3266 1297 3345 Romslcbco,
1330 3267 1462 3332 cbmmls
1491 3266 1670 3348 bisdrdtlicb
1693 3265 1829 3354 querr·

600 3480 635 3542 ln
656 3479 782 3545 nomine
808 3487 918 3544 sancte
945 3486 977 3545 ot
1002 3478 1169 3545 individue
1191 3480 1352 3545 trinitatis.
1394 3479 1558 3545 Oonradus
1579 3478 1683 3545 dictus
1704 3479 1744 3545 de
1767 3479 1829 3561 By-

519 3567 647 3647 wende,
671 3569 863 3633 castellanus
884 3570 916 3632 iu
940 3568 1156 3651 Homeborcb,
1183 3569 1328 3634 omnibus
1349 3568 1382 3632 in
1404 3576 1599 3652 perpetuum.
1643 3568 1830 3634 laudabilis

520 3655 657 3719 obtinuit
682 3657 889 3734 consuetudo,
916 3664 990 3722 aeta
1018 3657 1237 3723 modernorum
1258 3658 1289 3722 in
1311 3658 1440 3741 scriptis
1461 3657 1578 3740 redigi,
1602 3665 1637 3723 ut
1657 3658 1829 3722 futurorum

520 3743 661 3809 clareant
690 3746 808 3811 noticie
836 3746 1127 3830 calumpniatorqno
1154 3746 1256 3812 locum
1285 3747 1429 3812 invenire
1457 3754 1594 3830 nequeat
1620 3745 1830 3828 malignandi.

521 3834 624 3915 Igitur
649 3834 734 3897 claro
760 3837 952 3919 presentium
972 3835 1088 3900 inditio
1108 3836 1256 3919 profiteor
1277 3835 1495 3919 protestando,
1518 3836 1603 3918 quod
1624 3836 1775 3918 requisito
1796 3838 1829 3898 et

521 3921 630 3986 babito
658 3921 838 3989 charissimi
863 3924 970 3989 fratris
996 3924 1059 3989 mei
1081 3924 1236 3989 Fridcrici
1258 3924 1336 3991 dicti
1357 3924 1456 3991 Vrese
1477 3944 1678 4007 meorumque
1700 3924 1828 3989 cohere-

520 4009 594 4072 dum
631 4010 835 4093 eiusdemque
872 4014 979 4078 fratris
1015 4014 1078 4077 mei
1113 4013 1225 4078 militis
1261 4013 1414 4078 heredum
1451 4019 1483 4078 et
1522 4015 1662 4079 omniurn
1696 4031 1827 4094 quorum

519 4100 671 4164 intererat
701 4118 851 4184 expresso
882 4121 1035 4167 consensu
1062 4103 1096 4166 in
1121 4102 1224 4168 Oristo
1255 4102 1470 4168 devotissimis
1500 4102 1627 4167 dominc
1656 4100 1829 4177 abbatisse,

521 4188 671 4269 priorisse
693 4191 813 4272 totique
836 4192 1003 4255 couventui
1018 4190 1204 4256 ancillarum
1215 4190 1333 4257 Obristi
1348 4190 1440 4256 exilis
1461 4192 1586 4256 cenobii
1601 4192 1633 4255 in
1648 4188 1829 4268 Waterlerc,

520 4276 642 4341 ordinis
663 4279 895 4361 cystertiensis,
919 4279 1197 4345 Halberstadensis
1218 4279 1364 4360 diocesis,
1385 4299 1445 4362 que
1467 4278 1520 4345 die
1541 4286 1697 4361 noctuque
1719 4272 1829 4341 sedulo

521 4365 648 4430 domino
668 4366 869 4448 famulantur,
890 4366 974 4448 dedi,
993 4368 1088 4431 immo
1107 4388 1230 4433 exnunc
1251 4388 1308 4451 per
1327 4367 1488 4452 presentia
1505 4366 1587 4432 dono
1609 4366 1688 4433 duos
1703 4380 1831 4429 mansos

521 4462 554 4520 et
573 4475 717 4522 mansum
738 4457 904 4522 dimidium
921 4458 953 4521 in
975 4457 1097 4541 eampis
1118 4458 1304 4525 Romesleve
1329 4458 1407 4523 sitos
1427 4476 1498 4523 eum
1518 4458 1604 4523 omni
1627 4454 1830 4542 proprietate,
