4459 5167
939 385 986 439 Nr.
1004 388 1029 437 o.
1048 386 1071 439 7.
1091 404 1116 439 a.
1139 386 1214 437 1219.
1687 384 1702 437 7

392 534 610 599 Ecchebertus
630 536 799 617 episcopus
819 532 927 596 villam
948 532 981 596 in
1003 532 1134 614 Langen
1156 552 1225 597 cunr
1247 534 1382 598 ecclesia
1404 532 1610 617 parrochiali,
1632 552 1701 597 curn

392 622 488 701 silva,
506 624 615 705 pratis,
635 625 724 705 agris
744 622 837 687 cultis
857 630 889 685 et
910 622 1045 696 incultis,
1067 623 1130 687 riis
1151 630 1182 687 et
1207 621 1303 686 inviis
1324 630 1356 687 et
1376 622 1522 687 omnibus
1545 622 1701 705 pertinen-

390 713 448 776 tiis
473 713 628 794 magistro
655 712 787 779 contulit
810 718 983 776 memorato
1009 711 1041 775 in
1063 712 1158 776 choro
1178 712 1308 775 maioris
1331 710 1464 777 ecclesie
1485 712 1517 774 in
1540 714 1701 795 presentia

391 802 496 866 meins
517 802 647 885 synodi,
668 820 732 884 que
750 809 825 865 tnnc
845 800 996 883 temporis
1016 801 1139 865 exstitit
1162 800 1335 879 celebrata,
1357 800 1528 865 accedente
1550 801 1702 865 canonico

391 908 550 954 consensu
579 892 682 954 tocius
712 888 845 972 capituli
875 889 978 953 sancti
1008 888 1117 953 Iacchi
1146 908 1184 953 ac
1216 890 1468 953 ministerialium
1499 889 1702 971 plurimorum

393 978 716 1061 Bahenbergensium.
760 978 802 1041 L't
821 976 919 1059 igitur
940 977 1000 1058 hec
1020 977 1150 1042 traditio
1173 976 1324 1060 hospitali
1345 984 1455 1042 sancte
1477 976 1578 1059 Maris
1600 976 1702 1041 Theu-

390 1068 569 1131 touicornm
597 1067 872 1132 iherosolimitano
895 1066 1112 1151 sollempniter
1140 1065 1301 1131 celebrata
1328 1064 1416 1131 firma
1443 1065 1604 1148 perpetuis
1625 1072 1701 1131 tem-

392 1155 526 1239 poribus
544 1157 710 1236 consistat,
731 1154 829 1237 sigilli
851 1156 949 1219 nostri
970 1154 1143 1219 munimine
1165 1174 1202 1219 ac
1223 1154 1413 1238 prelatorum
1435 1152 1573 1235 ecclesie
1595 1162 1703 1236 nostre

390 1266 435 1309 ae
464 1245 717 1309 ministerialium
747 1242 968 1309 testificatione
998 1243 1145 1307 duximus
1181 1242 1400 1307 roborandam.
1464 1240 1577 1305 Testes
1610 1242 1702 1307 huius

391 1333 443 1397 rei
463 1341 550 1397 sunt:
583 1334 710 1417 Bcppn,
738 1332 867 1397 maioris
888 1331 1023 1413 ecclesie
1043 1340 1076 1396 et
1095 1333 1199 1396 sancti
1220 1331 1328 1396 Iacchi
1350 1332 1543 1415 prepositus,
1565 1331 1702 1397 Sit'ridus

389 1428 504 1485 sancte
525 1422 625 1486 Mario
654 1422 833 1505 prepositus
853 1420 1095 1498 Tumtadansis,
1116 1419 1323 1502 Gundelogus
1342 1420 1444 1485 maior
1465 1421 1618 1501 decanus,
1642 1421 1702 1485 Rll-

393 1510 510 1575 landus
530 1511 732 1589 scolasticus,
759 1508 967 1591 Marquardus
986 1510 1202 1574 thesaurarius
1223 1516 1255 1572 et
1275 1516 1342 1573 tuta
1363 1509 1554 1573 universitas
1574 1510 1703 1575 maioris

391 1600 547 1681 ecclesie3
584 1599 626 1663 de
658 1608 762 1663 monte
800 1598 902 1663 sancti
934 1597 1114 1669 Michaelis,
1154 1598 1382 1677 rtharisiensis,
1415 1598 1701 1681 Michelveldensis,

393 1688 637 1753 Wizeuahensis
657 1688 806 1766 abbates,
827 1688 917 1752 laici:
935 1686 1068 1751 illustris
1089 1687 1154 1751 dux
1176 1686 1317 1751 hieranie
1329 1686 1412 1767 Otto,
1435 1686 1601 1751 Heinricus
1621 1688 1703 1753 liber

392 1776 438 1841 de
456 1774 665 1857 Grifenstein,
689 1776 847 1860 liutpertus
865 1795 970 1841 comes
995 1775 1036 1840 de
1057 1776 1219 1854 chastele3
1249 1776 1472 1840 ministeriales
1492 1775 1629 1857 ecclesie,
1648 1776 1701 1841 Al-

392 1867 504 1931 bertus
523 1863 564 1929 de
581 1864 790 1944 Tunnenuelt,
812 1864 982 1947 Herdegen
1002 1864 1176 1930 etlleinric
1197 1864 1237 1927 de
1258 1862 1353 1945 Ritte,
1375 1862 1509 1929 Eherart
1529 1862 1568 1927 dc
1582 1863 1701 1929 Wisen-

393 1962 488 2031 towe,
508 1954 620 2037 Boppo
641 1952 681 2017 de
702 1952 894 2034 Stierherch,
915 1952 1085 2018 Heinricus
1100 1952 1141 2017 de
1165 1952 1316 2033 Nideche,
1337 1952 1467 2017 Heiuric
1488 1952 1527 2017 de
1539 1952 1702 2034 Stritberc,

393 2042 632 2107 Erchenbrecht
662 2042 787 2125 dapifer
815 2041 856 2106 de
888 2040 1080 2123 Botinstein,
1110 2040 1273 2123 Marquart
1303 2040 1463 2121 e'licchar,
1495 2040 1631 2106 Eherart
1665 2038 1705 2105 de

393 2130 622 2209 Keschendori,
642 2130 795 2196 Volnlant
813 2131 855 2197 (le
875 2130 1101 2211 Egclofestein,
1122 2137 1154 2196 et
1174 2129 1229 2213 alii
1252 2132 1463 2213 quamplures.

477 2222 559 2285 Acta
590 2227 663 2284 sunt
699 2226 758 2286 hec
791 2240 876 2286 anno
904 2219 1063 2305 dominice
1091 2220 1320 2285 incarnationis
1347 2219 1573 2301 M⁰CC⁰XIX⁰,
1602 2220 1707 2303 ponti-

391 2309 509 2373 ficatus
528 2308 649 2374 domini
668 2309 908 2390 Elccheherti)²
928 2309 1072 2393 episcopi
1093 2330 1177 2375 anno
1198 2309 1298 2375 xvh.

393 2435 577 2573 &uicem
594 2436 647 2559 πᾶ
661 2452 777 2504 pressam
793 2436 907 2491 mordens
924 2435 1081 2505 Stillasicpel
1098 2436 1129 2489 tn
1147 2436 1247 2489 rothem
1272 2436 1369 2491 chlss
1395 2453 1434 2491 ars
1453 2438 1512 2491 roth
1535 2436 1594 2491 sord
1614 2437 1704 2505 peltes

469 2622 496 2685 1)
514 2636 541 2672 a.
559 2620 588 2688 2)
608 2618 645 2672 Ia
661 2619 709 2673 der
733 2618 839 2675 Uram.
857 2636 913 2673 mer
930 2618 973 2675 ue
990 2620 1285 2689 Ausancalmclsstohcn.

394 2821 508 2903 1219.
1669 2823 1704 2904 7.

497 2954 698 3032 Eklrchrcclst,
721 2956 858 3037 Biscluof
866 2976 925 3020 cort
936 2956 1100 3037 chhcrp,
1122 2958 1296 3038 libcrciprsct
1310 2958 1369 3020 clus
1386 2976 1452 3020 com
1464 2954 1540 3037 Stift
1554 2956 1584 3021 S.
1596 2958 1706 3021 elambi

497 3052 633 3117 umectat
651 3058 844 3119 cucumare
862 3052 953 3135 Dorf
968 3054 1112 3135 Lacyde
1133 3056 1201 3118 dero
1222 3055 1386 3119 ulcrotsclrerr
1411 3052 1523 3117 Ordeu.

478 3180 513 3243 ln
535 3179 662 3243 numine
683 3185 791 3243 sancte
813 3188 845 3243 et
865 3177 1030 3243 individue
1057 3179 1216 3244 trinitatis.
1233 3180 1245 3261 ll
1282 3178 1494 3243 Ecchebertus
1520 3178 1573 3242 dei
1595 3180 1705 3260 gracia

394 3268 674 3351 Bahenhergensis
696 3269 865 3352 episcopus
891 3269 1036 3332 omnibus
1059 3268 1140 3332 hanc
1167 3270 1319 3353 paginam
1346 3269 1536 3352 inspecturis
1562 3268 1704 3349 graciam

394 3361 427 3424 in
440 3360 580 3441 presenti
593 3365 625 3421 et
634 3357 768 3438 gloriam
784 3358 816 3420 in
828 3358 940 3421 futuro.
953 3358 1032 3421 Cum
1041 3394 1077 3403 -
1086 3358 1323 3422 -rnborentun
1340 3358 1426 3422 Sane
1437 3358 1575 3440 presenti
1587 3358 1705 3439 scripto

392 3447 544 3511 duximus
554 3445 790 3520 declarandum,
811 3445 895 3526 quod
908 3482 949 3491 -
960 3482 999 3491 -
1010 3446 1286 3525 Babenbergensis
1298 3446 1406 3510 villam
1419 3446 1550 3527 Langen
1562 3446 1705 3528 pluribus

394 3536 492 3600 annis
525 3532 717 3598 infructuose
749 3534 957 3617 possedisset,
992 3542 1027 3597 ut
1057 3542 1186 3618 propter
1220 3536 1327 3599 varias
1363 3534 1475 3617 inperii
1504 3534 1706 3599 torbaciones

394 3634 427 3691 et
447 3624 550 3688 tocius
564 3623 755 3687 alamannie
775 3623 904 3687 crebras
926 3623 1077 3687 bellorum
1095 3630 1300 3706 tempestates
1321 3623 1408 3687 nulla
1428 3623 1531 3686 eidem
1552 3622 1593 3687 de
1614 3623 1705 3687 bonis

395 3713 518 3779 eisdem
542 3712 663 3775 utilitas
685 3712 881 3794 proveniret,
908 3712 1059 3793 magistro
1081 3712 1261 3776 Hermanno
1283 3711 1450 3795 hospitalis
1473 3718 1582 3774 sancte
1604 3710 1703 3775 hlarie

394 3802 639 3867 Teutonicomm
666 3800 917 3865 ierosolimitana
944 3800 1088 3865 redditus
1115 3800 1241 3865 eosdem
1275 3800 1359 3865 dicte
1391 3800 1525 3865 ecclesie
1556 3800 1702 3864 canonici

395 3888 606 3956 vendiderunt
638 3908 694 3971 pro
725 3889 966 3971 quadringentis
998 3898 1029 3952 ct
1063 3890 1296 3970 quinquaginta
1333 3888 1447 3952 marcis
1478 3886 1533 3951 fini
1570 3889 1703 3970 argenti,

394 3980 481 4062 quod
510 3977 687 4041 abeodem
716 3979 869 4060 magistro
895 3979 954 4043 sub
980 3977 1038 4042 tali
1068 3998 1214 4061 recepere
1248 3977 1433 4042 condicione
1463 3996 1502 4040 ac
1529 3976 1703 4042 iuramento

395 4068 536 4143 astricti,
563 4074 597 4130 ut
620 4065 705 4131 idem
732 4075 898 4149 argentum
924 4070 956 4131 in
984 4068 1101 4132 nullius
1129 4087 1265 4149 unquam
1292 4086 1381 4131 usum
1410 4064 1617 4145 conterretur,
1647 4065 1702 4130 sed

395 4160 549 4221 intactum
571 4164 817 4233 conservaretur,
838 4156 940 4221 donec
962 4158 994 4220 in
1016 4157 1137 4221 reditus
1160 4156 1240 4221 alios
1261 4156 1394 4220 ecclesie
1419 4154 1512 4217 utiles
1534 4154 1703 4236 emptionis

395 4246 488 4310 titulo
498 4244 729 4326 inpenderetur.
761 4246 789 4309 N
792 4266 827 4311 os
840 4247 947 4327 itaque
963 4246 1071 4309 villam
1084 4246 1213 4326 Langen
1227 4265 1298 4309 cum
1309 4244 1446 4309 ecclesia
1458 4242 1647 4307 barrochiali
1660 4244 1702 4321 (l),

397 4354 469 4398 curn
494 4332 591 4409 silva,
625 4333 739 4415 pratis,
771 4337 916 4418 pascuis,
950 4336 1038 4417 agris
1064 4336 1158 4399 cultis
1184 4342 1216 4399 at
1237 4334 1379 4414 incultis,
1407 4332 1469 4396 viis
1488 4339 1520 4397 et
1550 4332 1647 4396 inviis
1672 4340 1703 4397 et

399 4422 545 4487 omnibus
565 4423 771 4502 pertinenciis
797 4424 950 4506 magistro
977 4425 1166 4488 contulimus
1193 4428 1365 4488 memorato
1391 4422 1424 4485 in
1452 4422 1549 4504 plena
1572 4421 1703 4504 synodo,

400 4530 461 4594 que
481 4522 556 4575 tunc
578 4511 728 4594 temporis
748 4514 781 4576 in
802 4513 915 4579 maiori
935 4512 1058 4579 exstitit
1078 4512 1215 4579 ecclesia
1242 4510 1416 4595 celebrata,
1444 4510 1502 4575 sub
1524 4510 1650 4576 decreto
1672 4518 1703 4577 et
