4459 5167
1219 334 1312 391 Νι.
1348 336 1430 389 42.
1470 336 1554 405 43.
1596 354 1643 392 a.
1687 336 2062 390 1309—1312.
2843 335 2942 390 125

330 483 570 565 1309.
625 485 990 567 october
1026 487 1102 569 6.
2083 452 2088 456 ’
2809 485 2938 566 42.

533 616 677 681 Das
716 618 971 684 Kloster
1009 621 1528 702 Himmelpfm·ten
1574 620 1735 684 stellr‘-
1778 622 1877 684 ein
1918 622 2344 685 Bekenntm'ss
2392 621 2542 683 iiber
2600 620 2702 684 die
2758 619 2831 683 F
2822 619 2946 683 εἰει·

490 746 494 750 ·
535 718 702 779 eines
753 738 870 781 von
920 720 1056 782 dem
1093 719 1298 783 Ritter
1346 719 1602 783 Johann
1654 742 1771 783 von
1823 720 2176 783 Hasserode
2228 722 2343 782 mit
2391 720 2618 781 scine-m
2664 717 2941 795 Bruder,

535 814 673 876 dem
715 815 1038 897 Κηαρρθη
1081 817 1289 893 Anno,
1333 818 1425 880 bei.
1470 817 1655 880 ihnen
1693 819 2035 898 yos-tistetcn
2080 816 2667 897 Seelyedctchtnisses
2709 835 2849 878 aus,

495 930 805 995 Strennuo
847 933 1034 997 militi
1074 933 1327 998 domino
1372 933 1639 998 Iohanni
1683 933 1762 997 de
1794 932 2177 997 Hartesrode
2219 939 2284 997 et
2330 932 2512 996 fratri
2553 950 2666 995 suo
2690 931 2942 995 Annoni

323 1018 567 1082 famulo
610 1039 736 1083 una
776 1039 916 1084 cum
958 1020 1358 1103 Konegunde
1400 1021 1669 1104 predicti
1721 1022 1961 1085 domini
2005 1021 2307 1086 Iohannis
2348 1039 2570 1097 uxore,
2625 1039 2780 1100 quos
2817 1039 2942 1084 non

325 1107 533 1171 solum
589 1108 896 1173 natalium
949 1110 1234 1192 dignitas
1289 1112 1560 1190 exaltat,
1611 1111 1725 1175 sed
1789 1111 1996 1192 magis
2065 1110 2320 1193 proprie
2379 1108 2687 1172 industrie
2742 1107 2946 1189 gloria

326 1197 834 1278 recommendat,
887 1218 1002 1262 nos
1055 1199 1283 1262 fratres
1335 1198 1631 1263 Hinricus
1691 1198 1861 1281 prior
1929 1204 2217 1280 totusque
2282 1205 2627 1262 conventus
2680 1198 2939 1262 fratrum

325 1286 777 1351 heremitarum
835 1287 899 1351 in
942 1287 1132 1352 Porta
1175 1288 1312 1353 celi
1364 1288 1638 1352 omnium
1688 1287 2075 1368 agendorum
2127 1289 2472 1370 profectum
2528 1306 2667 1351 cum
2704 1286 2942 1369 gaudio

328 1375 679 1439 beatorum.
763 1374 917 1439 Cum
960 1382 1231 1440 testante
1285 1394 1465 1441 sacro
1514 1375 1764 1456 eloquio
1816 1375 2269 1457 proficiendum
2326 1376 2410 1440 sit
2462 1375 2544 1441 de
2593 1376 2829 1441 virtute
2875 1376 2940 1440 in

326 1464 643 1543 virtutem,
688 1469 754 1529 ut
796 1464 888 1528 sic
929 1464 1186 1529 tandem
1212 1463 1369 1529 deus
1402 1463 1607 1530 videri
1647 1464 1849 1547 possit
1892 1465 1953 1528 in
1994 1472 2213 1529 eterna
2255 1464 2563 1543 claritate,
2606 1470 2943 1547 eapropter

325 1553 615 1617 volentes
658 1559 865 1617 vestro
912 1554 1217 1635 profectui
1259 1563 1325 1618 et
1364 1553 1582 1634 saluti,
1645 1555 1833 1617 immo
1890 1555 2166 1618 omnium
2218 1554 2572 1618 animarum
2610 1559 2940 1635 parentum

327 1650 395 1706 et
437 1639 737 1705 heredum
777 1648 1126 1707 vestrorum
1170 1648 1232 1706 et
1281 1661 1543 1724 quorum
1595 1642 1690 1705 usi
1736 1643 1839 1706 vel
1890 1642 2091 1706 adiuti
2143 1643 2299 1707 estis
2352 1662 2554 1706 rerum
2603 1641 2940 1724 participio

329 1729 588 1794 uberius
627 1728 980 1812 providere,
1020 1730 1377 1812 obligamus
1418 1749 1535 1795 nos
1570 1736 1635 1794 et
1673 1737 1919 1795 nostros
1957 1750 2351 1796 successores
2389 1731 2470 1796 ob
2512 1730 2940 1795 reverenciam

328 1818 780 1901 omnipotentis
822 1819 927 1883 dei
990 1825 1052 1884 et
1108 1818 1383 1901 gloriose
1422 1819 1695 1900 virginis
1736 1818 1966 1900 Marie,
2018 1826 2082 1883 et
2134 1820 2198 1884 in
2253 1820 2664 1885 sublevamen
2717 1839 2941 1901 pecca-

324 1915 532 1971 torum
572 1914 917 1972 vestrorum
960 1907 1045 1971 ad
1085 1926 1277 1971 unam
1326 1907 1583 1972 missam
1647 1906 1917 1990 singulis
1960 1908 2187 1973 diebus
2237 1907 2408 1992 apud
2462 1928 2575 1974 nos
2616 1908 2699 1971 ad
2739 1906 2938 1973 altare

326 1997 538 2061 sancti
580 1994 832 2079 Andree
887 1996 968 2060 de
1023 1996 1213 2060 beata
1258 1994 1548 2076 Virgine,
1603 1996 1727 2059 nisi
1779 1996 2032 2061 racione
2088 1997 2233 2061 sesti
2289 1996 2462 2061 aliud
2521 2005 2824 2077 occurrat,
2874 1997 2938 2061 in

330 2092 706 2170 perpetuum
756 2084 1217 2150 cclebrandam.
1320 2085 1614 2149 Preterea
1674 2086 1951 2150 omnium
2005 2087 2267 2151 karitati
2320 2089 2703 2166 innotescat,
2773 2087 2938 2168 quod

330 2175 457 2258 ipsi
503 2172 771 2258 predicti
815 2174 937 2238 duo
982 2175 1240 2253 fratres,
1304 2173 1545 2237 scilicet
1588 2172 1903 2239 Iohannes
1954 2175 2135 2240 miles
2178 2183 2242 2239 et
2280 2175 2466 2240 Anno
2481 2225 2498 2257 ,
2550 2196 2674 2239 non
2727 2176 2941 2242 imme-

325 2282 534 2329 mores
577 2282 687 2328 sue
717 2262 940 2326 salutis
981 2265 1172 2336 fuere,
1215 2261 1331 2326 sed
1367 2261 1631 2346 speciali
1678 2261 2011 2329 devotione
2062 2267 2215 2328 moti
2259 2270 2561 2345 tanquam
2604 2265 2669 2327 in
2710 2283 2940 2328 recom-

327 2373 592 2439 pensam
635 2353 819 2417 nobis
862 2352 1089 2432 viginti
1142 2370 1254 2417 sex
1303 2350 1589 2415 maldera
1639 2350 1832 2416 tritici
1881 2352 2126 2416 duobus
2182 2354 2370 2419 annis
2419 2353 2790 2436 recipienda
2840 2371 2939 2418 as-

325 2443 688 2526 signarunt,
739 2442 855 2507 illa
897 2450 1105 2507 tamen
1162 2440 1526 2506 conditione
1581 2440 1861 2521 adiecta,
1927 2443 1982 2505 si
2038 2461 2198 2507 unus
2242 2462 2455 2507 eorum
2501 2443 2688 2506 tuerit
2739 2447 2938 2507 morte

327 2539 702 2617 preventus,
755 2533 916 2596 alter
953 2532 1232 2614 ipsorum
1276 2529 1361 2593 ad
1396 2530 1655 2594 totalem
1692 2531 2186 2595 satisfactionem
2236 2530 2487 2613 penitus
2530 2532 2935 2613 astringatur.

324 2627 401 2687 ln
445 2622 625 2687 cuius
667 2620 1079 2703 obligationis
1120 2628 1183 2683 et
1224 2618 1679 2700 assignationis
1720 2618 2118 2683 evidenciam
2162 2626 2377 2683 nostra
2403 2619 2636 2700 sigilla,
2676 2620 2939 2684 Ioannis

325 2711 575 2776 scilicet
615 2709 886 2793 predicti
916 2707 1155 2783 militis,
1198 2708 1412 2772 fratris
1434 2706 1777 2786 H(einrici)
1821 2707 2051 2790 prioris
2092 2714 2156 2771 et
2199 2717 2547 2830 conventus
2589 2709 2776 2774 Porte
2798 2710 2935 2774 Celi

325 2802 394 2865 in
437 2797 822 2866 Hartesrode
864 2805 1009 2862 sunt
1049 2816 1360 2880 appensa.

487 2890 674 2951 Anno
715 2887 957 2952 domini
1002 2886 1420 2965 M⁰CCC01X⁰‚
1461 2884 1530 2950 in
1571 2890 1799 2949 octava
1836 2885 2041 2949 sancti
2086 2884 2477 2952 Michahelis.

482 3004 693 3058 Urschr.
729 3005 804 3057 im
852 3004 952 3073 kyl.
994 3003 1323 3057 Staatsarch.
1370 3018 1437 3054 zu
1473 3001 1659 3070 Mayd.
1705 3001 1804 3054 mit
1847 3004 2195 3070 sraqmevttar.
2244 3003 2449 3072 Sieyeln
2483 3004 2732 3057 Johmms
2771 3021 2813 3057 v.
2857 3003 2928 3056 ΙΙ

320 3075 443 3129 und
480 3075 573 3128 des
609 3075 808 3140 Priora,
847 3075 999 3142 veo-91.
1049 3074 1167 3139 Taf.
1206 3073 1256 3137 I,
1294 3072 1396 3126 Nr
1434 3076 1469 3125 9
1503 3071 1619 3124 und
1657 3075 1725 3124 10
1758 3071 1875 3124 und
1918 3059 1973 3125 Τ.
2012 3071 2159 3139 ΧΙΙ,
2197 3073 2301 3127 Nr.
2336 3077 2421 3128 85.

480 3179 597 3232 Von
631 3179 941 3232 ausser-halb
975 3179 1047 3231 ist
1079 3194 1181 3231 von
1214 3178 1352 3230 alter
1387 3175 1754 3243 Handschrift
1790 3170 2045 3230 bemerkt:

467 3271 581 3325 Hec
626 3272 815 3325 littera
857 3288 962 3324 non
1012 3270 1224 3325 videtur
1268 3268 1599 3336 obligatoria.
1678 3268 1796 3322 Non
1841 3269 1984 3324 enim
2032 3276 2116 3325 est
2172 3270 2518 3335 rationabile,
2568 3269 2785 3323 tantilla
2828 3268 2933 3323 ele·

322 3342 533 3396 mosina
567 3344 637 3395 ad
678 3350 789 3395 tam
830 3342 889 3408 (l)
928 3346 1086 3395 tanta
1121 3340 1342 3407 obligari
1381 3339 1659 3407 suffragia,
1696 3356 1812 3391 cum
1850 3342 2136 3394 secundum
2172 3340 2293 3394 iura
2331 3341 2504 3393 volens
2541 3340 2769 3407 aliquem
2805 3339 2933 3392 obli·

321 3429 455 3481 gare
508 3414 578 3465 ad
635 3411 879 3476 missam,
933 3411 1128 3464 debeat
1162 3427 1284 3463 eum
1320 3411 1387 3462 de
1423 3408 1717 3462 necessario
1754 3409 1896 3462 victu
1939 3411 2229 3477 providere.
2321 3412 2403 3463 Ad
2450 3410 2716 3463 cautelam
2753 3416 2933 3463 tamen

327 3482 888 3551 superhabundantem
925 3481 1086 3534 missa
1121 3481 1229 3533 iam
1265 3485 1347 3533 est
1384 3480 1652 3533 translata
1698 3481 1767 3532 ad
1811 3479 1981 3533 maius
2028 3481 2201 3534 altare
2247 3486 2305 3535 et
2348 3480 2571 3533 cottidie
2618 3480 2932 3543 celebratur,

324 3560 384 3607 et
420 3552 535 3606 eius
570 3553 727 3605 misse
763 3552 1050 3619 participes
1085 3550 1215 3604 facti
1251 3555 1375 3603 sunt
1420 3549 1729 3603 ftmdatores
1772 3549 1914 3602 illius
1963 3551 2119 3603 misse
2166 3552 2453 3603 secundum
2498 3549 2933 3603 distribucionem

322 3623 446 3676 dive
483 3621 672 3676 Marie.

329 3849 545 3932 1312.
598 3848 855 3949 April
885 3848 1007 3929 13.
1107 3847 1466 3929 vienne.
2799 3826 2929 3929 43.

533 3983 731 4064 Papst
775 3983 1059 4047 Clemens
1099 3982 1478 4062 beauftrayt,
1542 3983 1663 4062 (tut
1717 3982 1819 4044 die
1857 3979 2111 4061 Klayen
2153 3981 2260 4044 des
2301 3981 2590 4045 Klosters
2634 3981 2705 4044 H
2708 3982 2932 4044 immel-

525 4085 776 4162 pforten
829 4100 1018 4160 yeyen
1068 4080 1188 4142 den
1246 4078 1581 4142 Truchsess
1626 4079 1881 4143 Johcmn
1934 4099 2051 4143 von
2103 4079 2538 4156 Alvensleben,
2587 4081 2689 4143 die
2729 4079 2933 4143 Rittm·

527 4179 783 4243 Johann
854 4178 993 4240 und
1053 4176 1326 4240 szrad
1398 4197 1515 4239 von
1569 4175 1925 4240 Romslebcn
1979 4177 2117 4240 ἰιπᾶ
2165 4176 2457 4240 Albrecht
2507 4177 2932 4241 Mittenluden

529 4296 730 4356 weyen
770 4274 1300 4355 Veryewaltiyuny
1353 4275 1459 4336 cles
1493 4274 1787 4337 Bruders
1826 4273 2201 4353 Deye‘nhard
2258 4276 2379 4339 den
2423 4273 2781 4339 Dechantcn
2823 4275 2934 4338 cler

531 4372 1001 4436 DIarienkirche
1078 4391 1160 4437 zu
1221 4371 1459 4454 EtYu-rt
1536 4372 1650 4435 71ιίιέ
1728 4372 1838 4433 der
1914 4370 2387 4454 Untermwhuny
2464 4374 2663 4436 dieser
2724 4374 2930 4455 Ληρε-

529 4470 835 4553 leycmheit.
