4459 5167
531 304 584 361 266
791 302 1076 360 Cistcrcienserinncn-
1096 302 1311 373 (Helligeublub)
1330 302 1587 359 llloslerWalerler.

530 455 571 520 de
598 454 861 519 Blanclrenborch
887 453 1075 537 impetrauit.
1124 454 1190 519 Nos
1219 473 1294 519 vero
1327 474 1383 538 pro
1411 451 1533 537 prelato
1563 447 1696 515 dimidio
1726 468 1843 515 manso

529 542 678 608 dabimus
698 543 832 625 singulis
853 543 946 606 annis
965 547 1039 604 ante
1059 540 1173 607 l'estum
1192 543 1278 607 beati
1302 542 1431 606 Martini
1452 540 1594 623 episcopi
1617 540 1677 623 ipsi
1697 540 1844 605 Woltero

530 652 650 696 necnon
680 630 744 696 filie
776 649 832 694 sue
858 628 1007 694 Gertrndi
1037 636 1142 694 nostre
1173 632 1334 695 claustrali
1360 637 1423 695 tres
1452 628 1591 692 maldras
1618 628 1779 711 hyemalis
1812 634 1845 692 et

530 727 595 786 tres
622 720 766 785 estlvalis
791 719 875 784 omni
902 717 999 782 dnbio
1025 720 1133 799 procul
1160 726 1259 799 moto,
1288 720 1347 785 hoc
1374 720 1469 783 etiam
1500 716 1641 796 adiecto,
1669 716 1756 798 quod
1779 738 1845 781 uno

530 808 678 873 defuncto
704 807 795 873 alteri
821 808 982 891 superstiti
1008 809 1255 892 suprascriptum
1284 811 1470 873 frumentum
1501 807 1699 887 integraliter
1719 808 1844 888 persol-

529 914 647 961 vemus.
695 895 729 960 Si
759 914 833 958 vero
861 896 1048 959 solutionem
1073 894 1158 960 dicte
1184 916 1324 976 annone,
1352 902 1444 979 prout
1478 900 1653 978 pretuctum
1681 902 1746 968 est,
1777 916 1844 959 non

530 985 753 1069 perfecerimus
774 985 867 1050 nobis
887 985 1019 1048 nimium
1040 985 1188 1066 ingratis,
1211 984 1378 1049 dimidium
1398 1004 1541 1049 mausum
1565 984 1670 1049 locare
1691 991 1845 1067 poterunt

530 1074 706 1155 cuicunque
717 1073 880 1138 voluerint.
922 1073 1055 1155 insuper
1075 1075 1216 1156 utrisque
1236 1075 1403 1153 defunctis,
1423 1073 1573 1139 videlicet
1594 1074 1844 1137 l'ratreW0ltero

532 1182 655 1228 necnon
680 1162 748 1227 lilia
773 1181 832 1227 sua
859 1162 1031 1241 Gertrude,
1056 1164 1237 1245 sepedictus
1265 1163 1416 1227 dimidius
1442 1180 1570 1226 mausus
1599 1162 1640 1226 ad
1668 1163 1845 1227 luminaria

529 1259 636 1317 nostre
657 1252 791 1318 ecclesie
812 1251 1011 1335 providenda
1030 1252 1210 1335 pertinebit.
1251 1254 1383 1318 Presens
1404 1252 1555 1334 scriptum
1577 1259 1683 1315 nostre
1703 1251 1843 1315 ecclesie

529 1341 635 1422 sigillo
666 1342 797 1405 fecimus
824 1340 954 1404 firmiter
984 1340 1133 1404 roborari.
1181 1342 1295 1407 Testes
1330 1343 1422 1406 huius
1456 1340 1531 1405 l'acti
1560 1347 1646 1404 sunt:
1678 1340 1843 1405 lohannes

530 1428 736 1496 Middcnbcse
756 1431 847 1494 miles
868 1438 900 1493 et
918 1429 1076 1494 lohannes
1097 1430 1180 1495 lilius
1201 1432 1286 1511 eius,
1316 1431 1476 1509 Hinricus‚
1499 1428 1672 1509 Wolterus,
1694 1430 1842 1495 Luderus

530 1519 641 1584 famuli
661 1519 737 1584 dicti
760 1520 799 1585 de
823 1520 910 1599 Lere,
934 1524 965 1582 et
986 1519 1045 1582 viri
1067 1520 1122 1582 alii
1144 1520 1308 1602 lidedigui.
1536 1584 1540 1593 ,

609 1608 726 1673 Datum
746 1616 778 1673 et
795 1616 900 1672 actum
921 1627 1005 1672 auno
1026 1607 1146 1672 domini
1159 1609 1414 1689 M⁰GOC⁰XVll⁰,
1435 1608 1595 1672 dominica
1610 1626 1674 1688 qua
1690 1613 1842 1672 cantatur

531 1696 705 1762 invocavit.

601 1786 717 1855 mpero.
736 1788 780 1841 nr.
801 1778 842 1842 ob.
1059 1830 1300 1839 -,...-..

530 1979 641 2061 1318.
668 1981 863 2062 Februar
879 1982 942 2064 23.
971 1983 1143 2065 Schlcss
1161 1985 1428 2083 uotonuurg.
1771 1980 1838 2063 63.

629 2131 762 2215 Biscltot
775 2132 815 2195 N
812 2134 933 2197 ilcolrrus
952 2135 1022 2199 und
1042 2136 1101 2199 (los
1117 2136 1272 2218 Hoclrstr'ft
1289 2136 1409 2201 Vcrdcu
1425 2136 1597 2217 cerbucfcc
1617 2135 1686 2199 dem
1702 2132 1740 2197 K
1744 2134 1838 2198 lostcr

638 2228 790 2294 Watcrlcr
812 2234 878 2312 2¹l2
898 2232 1001 2314 Herse,
1024 2237 1043 2295 1
1064 2233 1139 2314 Hof,
1161 2234 1229 2297 ciue
1249 2233 1420 2315 Hofstdtlc,
1448 2234 1503 2297 dcr
1527 2232 1673 2313 Grasbof
1686 2236 1838 2313 pereamust,

634 2327 685 2389 eiu
706 2326 800 2392 stuc
817 2329 914 2392 Laud
932 2350 973 2394 aa
994 2330 1188 2408 Roucslcbcm
1209 2332 1333 2395 welches
1356 2331 1424 2395 cur
1444 2330 1581 2395 Korrrtui
1600 2350 1660 2394 voce
1674 2328 1838 2405 Biwcudc,

632 2424 792 2507 2Hutcc
822 2426 880 2490 urit
905 2427 1025 2510 decn,
1057 2428 1108 2492 die
1138 2429 1193 2492 der
1219 2428 1301 2491 Edle
1327 2448 1386 2493 coa
1415 2428 1551 2505 Hesscu,
1584 2429 1621 2508 ¹12
1648 2425 1737 2509 Hufc
1767 2426 1839 2489 und

634 2522 855 2604 1l2Hotstcllc,
884 2525 934 2588 die
955 2524 1130 2590 Burcburd
1158 2546 1217 2590 uon
1242 2525 1393 2591 Biwcndc
1416 2546 1457 2591 cu
1479 2526 1567 2590 Lclm
1595 2524 1705 2608 pebubt
1725 2524 1836 2600 buben,

629 2622 687 2701 fiir
706 2626 749 2685 10
770 2621 871 2686 Murio
891 2622 1015 2689 Silbcrs.

610 2751 647 2814 ln
667 2754 794 2817 nomine
813 2761 924 2821 sancte
944 2762 977 2821 et
997 2756 1163 2823 individue
1183 2758 1344 2823 trinitatis.
1385 2757 1547 2842 Nycolaus
1571 2758 1623 2823 dei
1644 2756 1749 2839 gratis
1770 2756 1837 2840 epi-

530 2858 661 2924 scopus,
691 2840 843 2908 Ludolfus
874 2845 1028 2925 decanus,
1067 2846 1224 2912 lohannes
1257 2846 1442 2913 scolasticus
1471 2852 1631 2929 totumque
1662 2844 1837 2911 Verdensis

531 2927 664 2993 ecclesie
685 2931 857 3011 capitulum
879 2934 1026 2999 omnibus
1042 2934 1076 2997 in
1097 2940 1293 3019 perpetuum.
1335 2936 1487 3001 Memoria
1513 2936 1674 3001 bominum
1693 2937 1838 3001 consulte

531 3017 671 3093 iuvatur,
698 3018 773 3083 dum
800 3025 889 3101 geste
916 3022 963 3086 rei
988 3022 1108 3087 veritas
1133 3022 1307 3089 litterarum
1334 3025 1513 3091 testimonio
1538 3025 1711 3090 roboratur.
1753 3022 1838 3089 Hinc

531 3110 592 3185 est,
619 3105 702 3189 quod
724 3114 830 3173 notum
850 3107 918 3173 fieri
938 3109 1081 3175 volumus
1101 3112 1258 3177 universis
1283 3120 1347 3177 tam
1371 3114 1571 3197 presentibus
1599 3131 1693 3195 quam
1712 3110 1836 3189 suturis,

531 3194 615 3277 quod
635 3194 836 3261 considerata
856 3197 993 3262 utilitate
1014 3218 1053 3263 ac
1073 3198 1263 3266 comoditate
1274 3203 1309 3282 (l)
1332 3202 1466 3268 ecclesie
1487 3209 1592 3267 nostre
1612 3207 1708 3283 atque
1728 3206 1837 3265 nostra

530 3282 573 3348 ad
599 3284 847 3368 comparandum
874 3286 1030 3351 viciniora
1058 3287 1151 3352 nobis
1180 3288 1264 3355 bona
1290 3290 1519 3356 deliberatione
1546 3288 1714 3355 sufficienti
1741 3306 1837 3373 super

529 3390 567 3436 eo
597 3372 768 3455 prehabita
795 3374 942 3437 concordi
973 3375 1135 3440 voluntate
1168 3376 1369 3443 vendidimus
1400 3398 1458 3463 pro
1488 3379 1597 3444 decem
1624 3376 1739 3441 marcis
1763 3375 1835 3460 puri

529 3463 654 3543 argenti
675 3462 768 3526 nobis
789 3464 957 3546 persolutis
977 3466 1137 3549 preposito
1156 3471 1188 3531 et
1209 3469 1377 3533 conventui
1397 3468 1580 3534 monasterii
1601 3466 1634 3531 in
1651 3465 1835 3546 Waterlere,

528 3548 809 3615 Halberstadensis
835 3552 994 3634 dyocesis,
1028 3553 1108 3619 duos
1135 3575 1263 3621 mansos
1290 3563 1323 3620 et
1347 3555 1514 3622 dimidium
1542 3557 1619 3622 sitos
1651 3556 1684 3619 in
1713 3553 1835 3637 campis

532 3636 610 3702 ville
630 3636 830 3719 Romesleve,
858 3640 999 3723 predicte
1020 3642 1183 3725 dyocesis,
1203 3649 1235 3708 et
1256 3664 1350 3709 unam
1369 3645 1487 3709 curiam
1517 3644 1550 3708 in
1571 3646 1683 3710 eadem
1703 3644 1782 3709 uilla
1804 3649 1837 3707 et

529 3746 624 3791 unam
645 3745 752 3791 aream
763 3729 924 3810 wlgariter
943 3730 1062 3795 dictam
1074 3730 1216 3797 Grashof
1232 3738 1264 3798 et
1284 3732 1444 3815 quoddam
1464 3740 1545 3798 terre
1558 3732 1700 3815 spacium
1716 3730 1835 3795 dictum

530 3814 704 3894 Grasblelr,
726 3834 787 3897 que
806 3837 828 3881 a
849 3817 942 3883 nobis
962 3818 1102 3884 habebat
1122 3819 1156 3884 in
1176 3819 1301 3904 pheodo
1323 3820 1488 3887 Conradus
1508 3820 1549 3886 de
1570 3818 1734 3903 Bywende
1754 3819 1835 3884 mili-

529 3905 623 3984 taris,
650 3912 683 3968 et
712 3903 791 3970 duos
818 3926 944 3972 mansos
971 3928 1040 3972 oum
1073 3908 1197 3974 duabus
1224 3910 1334 3990 curiis,
1363 3929 1442 3993 quos
1471 3930 1492 3975 a
1517 3911 1611 3976 nobis
1635 3908 1775 3974 habebat
1801 3908 1833 3971 in

529 3992 655 4078 pheodo
677 4038 683 4053 .
706 4044 713 4058 .
736 3995 853 4062 nobilis
882 3996 922 4062 de
950 3998 1103 4078 Hesnem,
1140 4004 1171 4062 et
1196 3998 1324 4083 insuper
1356 3998 1522 4065 dimidium
1549 4016 1707 4076 mansum,
1742 4014 1834 4078 quem

530 4101 601 4147 cum
621 4081 756 4147 dimidia
776 4104 853 4150 urea
873 4107 893 4150 a
912 4086 1006 4151 nobis
1026 4086 1166 4151 babebat
1191 4088 1224 4151 in
1250 4087 1373 4171 pheodo
1391 4087 1591 4153 Borcbardus
1611 4085 1653 4150 dc
1673 4083 1836 4170 Byrrende
1866 4104 1873 4117 r

530 4170 678 4236 militaris
698 4191 768 4237 cum
789 4174 934 4239 omnibus
948 4194 1056 4238 eorum
1071 4175 1273 4253 utilitatibus,
1293 4175 1415 4241 iuribus
1426 4195 1466 4240 ac
1485 4174 1699 4259 pertinenciis,
1720 4173 1834 4254 quibus

530 4279 570 4324 ea
589 4260 723 4344 pacifice
743 4263 941 4346 possedimus
957 4270 1109 4348 perpetuo
1125 4263 1329 4348 possidenda.
1356 4265 1499 4330 Misimus
1514 4265 1617 4331 eciam
1632 4282 1671 4328 ac
1682 4263 1834 4327 mittimus

529 4367 588 4431 per
612 4358 774 4432 presentes
800 4354 993 4435 prepositum
1021 4358 1053 4416 et
1079 4361 1267 4418 conventum
1299 4353 1459 4438 predictos
1484 4355 1518 4420 in
1546 4354 1833 4438 prenominatorum

530 4438 682 4505 bonorum
707 4442 940 4527 possessionem
972 4444 1166 4527 corporalem
1202 4443 1417 4511 renunciando
1448 4462 1506 4530 pro
1536 4444 1628 4513 nobis
1659 4448 1692 4511 et
1721 4439 1835 4512 nostris
