4459 5167
900 323 947 381 Nr.
965 326 1086 381 85-Βᾶ
1102 342 1128 381 a.
1149 325 1224 379 laos.
1666 324 1718 383 als

407 490 506 539 maun
527 494 637 544 aream
666 479 699 543 in
727 495 840 559 eampo
867 482 899 540 et
925 475 958 539 iu
984 474 1064 540 uilla
1084 473 1192 559 Odorp
1217 494 1288 553 eum
1313 476 1398 541 omui
1428 476 1495 541 iure
1521 484 1553 542 et
1581 476 1719 543 utilitate

407 584 517 631 eorum
532 568 614 635 iusto
634 566 838 653 proprietatis
855 564 957 649 tytulo
967 563 1095 629 nomine
1107 564 1243 630 eeclesia
1259 582 1316 629 sue
1333 570 1485 651 perpetuo
1499 565 1719 650 possidendos,

406 655 571 723 mittentes
593 656 768 743 prediutam
790 655 950 720 dominam
972 653 1169 719 abbatissam
1184 660 1216 719 et
1233 662 1419 720 conventum
1436 673 1525 720 suum
1544 656 1577 719 iu
1595 674 1718 739 posses

404 746 530 811 sionem
557 747 709 813 bonorum
737 745 958 830 predictorum.
1000 744 1102 809 Huius
1134 743 1181 808 rei
1208 750 1304 809 testes
1332 750 1419 809 sunt:
1448 744 1643 823 honorabilis
1669 746 1719 811 vir

405 834 546 900 dilectus
566 834 664 901 frater
682 842 790 902 noster
810 834 956 899 domiuus
969 831 1124 899 Henrious
1144 832 1323 917 prepositus
1344 833 1477 899 ecclesie
1498 839 1607 899 sanote
1618 834 1718 901 llario

403 922 701 999 Halburstadensim
736 924 901 991 Conradus
934 922 975 989 de
1004 922 1190 1007 Eyleslevo,
1225 922 1389 987 Conradus
1423 930 1455 988 et
1488 922 1643 991 [leudona
1676 924 1717 990 de

397 1013 629 1093 ‚Darneburoh
655 1014 788 1096 milites,
816 1014 926 1081 etalii
945 1012 1148 1097 quamplures
1173 1010 1338 1095 fidedigni.
1379 1012 1416 1077 ln
1437 1012 1528 1078 ouius
1553 1013 1649 1078 etiam
1671 1013 1717 1079 rei

404 1104 622 1169 testimonium
646 1110 809 1189 presentes
836 1104 959 1169 litteras
984 1101 1161 1184 sigillorum
1187 1107 1362 1167 nostrorum
1389 1101 1561 1168 munimine
1586 1102 1717 1169 lecimus

409 1193 562 1261 roborari.

487 1282 601 1349 hatum
622 1289 654 1350 et
668 1282 778 1349 datum
791 1282 1067 1365 Euegremesleve‚
1088 1300 1172 1346 auno
1188 1279 1308 1345 domini
1321 1280 1489 1347 millesimo
1500 1280 1718 1347 trecentesimo

408 1378 533 1454 qundo,
553 1371 586 1437 in
607 1371 661 1437 die
683 1372 768 1438 beati
790 1372 885 1438 Galli.
1035 1442 1039 1450 ,

479 1488 1078 1559 mmmmmmm

407 1688 526 1773 1304.
554 1689 796 1773 November
814 1692 849 1773 1.
877 1690 1085 1789 hangeln.
1653 1691 1714 1774 37.

509 1824 577 1891 Der
605 1827 786 1892 bornato
817 1828 871 1891 des
896 1825 1074 1891 Deretsclreo
1103 1825 1224 1891 Ordeos
1257 1826 1291 1889 io
1317 1825 1451 1891 maeoseu
1477 1826 1622 1908 volasti
1649 1827 1717 1889 dem

511 1923 644 2005 Psorrer
668 1946 710 1990 aa
732 1923 762 1989 S.
785 1924 923 2006 Stephon
949 1926 984 1989 io
1006 1925 1123 1990 Goslar
1143 1924 1212 1987 aad
1232 1924 1301 1987 dero
1324 1920 1456 1987 Klrster
1479 1922 1630 1989 Waterler
1651 1925 1718 1989 eine

508 2022 600 2105 Hafa
617 2025 687 2087 aad
707 2024 776 2087 eloe
797 2023 910 2087 Malae
929 2022 1070 2087 dasetlrst.

487 2119 571 2197 Quia
597 2126 741 2205 tempora
766 2121 899 2187 mobilia
922 2128 1009 2201 sunt,
1035 2121 1154 2187 debent
1179 2127 1271 2202 gesta
1291 2126 1465 2205 temporum
1492 2122 1716 2207 seripturarum

406 2208 598 2275 testimoniis
617 2210 769 2285 roborari,
791 2230 832 2277 ne
852 2212 1003 2294 temporis
1023 2217 1096 2295 post
1116 2210 1240 2295 lapsam
1264 2210 1391 2275 valeant
1411 2212 1515 2277 ventis
1533 2213 1717 2293 ignorauoie

406 2296 577 2382 deportari.
638 2299 705 2365 Nos
736 2300 833 2365 irater
863 2298 985 2364 Walter
1020 2299 1061 2364 de
1099 2300 1285 2378 Amestein‚
1325 2300 1530 2382 provinoialis
1568 2300 1718 2381 Saxonie,

407 2386 565 2452 universis
592 2388 676 2453 haue
704 2389 856 2472 pagiuam
877 2387 994 2453 visuris
1020 2408 1075 2453 seu
1102 2387 1258 2453 audituris
1280 2389 1424 2453 volumus
1451 2408 1522 2453 esse
1542 2388 1718 2469 uudumtll,

404 2495 464 2541 nos
484 2475 536 2541 dei
557 2478 664 2560 gratia
683 2478 828 2561 magistri
848 2480 946 2544 nostri
968 2477 1127 2559 generalis
1149 2477 1311 2543 voluntate
1330 2496 1452 2541 neuuou
1465 2477 1504 2542 de
1518 2476 1717 2543 habundanti

406 2564 540 2630 fratrum
559 2575 735 2633 nostrorum
756 2567 889 2634 oonsilio
917 2574 950 2632 et
970 2586 1124 2633 oonseusu
1152 2566 1279 2631 domino
1301 2564 1433 2631 Iohanni
1455 2566 1593 2650 plebano
1614 2569 1717 2633 saneti

405 2651 561 2736 Stephani
599 2656 633 2720 in
670 2656 784 2721 Gosler
821 2674 943 2721 neuneu
980 2654 1179 2737 regularibus
1221 2652 1412 2720 dominabus
1452 2656 1484 2719 iu
1520 2654 1716 2721 Waterleren

404 2745 672 2811 commorantibus
703 2764 797 2811 unum
828 2764 972 2810 mansum
1002 2764 1072 2810 oum
1103 2764 1165 2810 uno
1198 2743 1380 2810 molendino
1409 2745 1441 2808 iu
1469 2744 1610 2809 eiusdem
1642 2746 1718 2812 ville

404 2851 520 2916 eampo
551 2834 744 2899 Waterleren
777 2835 872 2899 situm
903 2842 988 2900 reete
1016 2854 1054 2899 ao
1085 2834 1320 2900 rationabiliter
1348 2840 1501 2918 perpetuo
1534 2834 1717 2901 vendidisse

406 2939 478 2986 oum
505 2922 591 2986 omni
617 2942 680 3006 quo
708 2943 766 2989 nos
787 2925 854 2989 iure
879 2924 963 2988 huno
982 2923 1150 2988 habuimus
1171 2922 1270 2988 libere
1293 2922 1527 3006 possidendum.
1571 2925 1606 2988 ln
1628 2926 1717 2991 euius

408 3011 456 3074 rei
482 3010 642 3077 sufficiens
665 3014 881 3078 testimouium
902 3011 985 3077 hano
1005 3013 1143 3077 litteram
1167 3011 1273 3093 sigillo
1294 3019 1400 3077 nostro
1421 3022 1452 3077 et
1478 3014 1585 3095 sigillo
1607 3014 1718 3080 domus

407 3099 550 3181 Laugele
570 3100 700 3166 tirmiter
725 3101 960 3166 communimus.
1002 3101 1103 3166 liuius
1127 3101 1173 3165 rei
1200 3106 1296 3167 testes
1323 3107 1410 3166 suut:
1437 3101 1534 3167 l'rater
1555 3104 1649 3168 Bor.¹
1676 3103 1717 3171 de

408 3188 588 3263 Dreinleve,
609 3189 845 3257 sommendator
866 3190 898 3253 iu
920 3190 1072 3271 langele,
1092 3190 1191 3254 linter
1209 3189 1272 3255 Jan
1296 3189 1336 3254 de
1359 3190 1461 3272 Gonia,
1483 3192 1719 3259 commendator

412 3276 648 3358 inhurokenem,
665 3278 763 3344 irater
775 3278 943 3359 tmolum,
963 3279 1199 3343 nommendator
1219 3280 1251 3341 in
1273 3279 1416 3360 Biirowe‚
1438 3280 1534 3345 trater
1555 3280 1720 3348 Conradus

407 3366 449 3430 de
476 3366 789 3449 Quedeliugeboreh,
826 3368 1063 3434 commendator
1098 3368 1132 3431 iu
1163 3367 1291 3451 Gosler3
1333 3368 1490 3435 lohannes
1522 3370 1562 3436 de
1593 3371 1717 3454 Barem‚

405 3454 565 3522 Iohannes
578 3455 619 3521 de
632 3456 803 3539 Dometen,
823 3455 979 3539 Rolmold]
998 3454 1153 3536 Romoldi‚
1175 3455 1261 3521 nives
1282 3458 1412 3538 ibidem,
1430 3464 1462 3523 et
1482 3458 1539 3524 alii
1555 3458 1717 3543 lidedignl.

488 3544 604 3610 Datum
625 3545 776 3628 Laugele‚
797 3564 881 3609 anno
902 3544 1021 3609 domini
1044 3543 1271 3623 Messalla,
1292 3545 1440 3612 kalendis
1460 3546 1647 3615 Noveuhris.

476 3660 531 3715 Die
546 3660 743 3731 antaapenoen
761 3662 844 3732 Siepel
860 3660 1024 3731 bosebrids'pt3
1041 3662 1091 3731 opt.
1112 3660 1172 3728 Tus.
1192 3660 1217 3728 I,
1237 3662 1288 3715 Nr.
1308 3667 1324 3715 1
1341 3680 1368 3718 a.
1388 3668 1412 3717 4.

422 3766 426 3773 ·
478 3749 506 3815 1)
525 3750 567 3803 Es
586 3750 654 3803 steht
676 3750 709 3815 b’,
735 3751 814 3803 wobes'
835 3750 905 3803 wohl
925 3750 1056 3803 armabas
1076 3766 1114 3802 aa
1139 3748 1193 3804 ber.
1216 3750 1275 3803 arud
1293 3750 1434 3807 Bertoldus
1457 3770 1491 3807 eu
1512 3754 1615 3809 dealem
1638 3760 1718 3811 satire.

407 3817 455 3871 Da
483 3819 546 3873 uber
566 3850 598 3859 -·
623 3820 771 3889 ollerdr'aps
795 3820 868 3873 sraela
893 3821 978 3873 cirtem
1003 3820 1178 3886 Copthlbaebe
1201 3850 1233 3859 —
1260 3818 1317 3875 eine
1344 3821 1406 3875 Urlu.
1434 3824 1474 3877 bei
1495 3825 1588 3879 Riedel
1610 3828 1665 3881 eod.
1689 3830 1715 3881 d.

407 3890 506 3945 Brand.
526 3891 548 3957 Ι,
565 3894 609 3945 22.
629 3890 719 3945 0440
737 3908 794 3943 ross
812 3895 853 3945 18.
868 3890 936 3944 Noa.
956 3894 1026 3944 1304
1043 3891 1104 3945 Bor.
1113 3892 1148 3945 de
1158 3890 1298 3947 Dreinlero
1318 3892 1366 3945 bat
1384 3894 1442 3945 aori
1460 3894 1502 3948 ds'e
1518 3897 1583 3949 oben
1601 3897 1628 3953 S.
1645 3900 1717 3964 29f.,

406 3958 458 4011 Nr.
477 3963 513 4012 40
531 3960 698 4041 roitpetlteilte
717 3961 895 4031 Zoaoeorerhe
912 3962 1083 4016 Barchardus
1102 3962 1136 4016 de
1155 3960 1315 4031 Dreynleve‚
1345 3980 1373 4017 so
1390 3963 1481 4030 ddrlte
1498 3967 1666 4023 Bouchardus
1683 3984 1717 4021 zu

409 4044 539 4097 apameo
555 4046 620 4085 aaa.

407 4149 524 4233 usos.
945 4124 974 4131 ’
1649 4157 1714 4240 es.

485 4271 577 4333 Auno
600 4272 678 4337 1304
697 4268 830 4353 bezeugt
848 4270 971 4353 Sophia
990 4271 1181 4352 (Ashtissio)
1201 4271 1233 4335 in
1246 4271 1431 4355 Waterlehr,
1453 4274 1512 4341 das
1534 4273 1592 4341 das
1604 4276 1717 4343 oloster

406 4354 531 4439 Drubig
551 4358 583 4423 in
605 4358 773 4441 heiligkeit
794 4360 868 4426 inen
889 4358 1004 4443 gleiuh.

481 4455 538 4530 Vpl.
558 4456 713 4514 Drusum
735 4458 831 4514 Ursus.
851 4458 878 4515 S.
895 4464 956 4514 239.
