4459 5167
493 302 542 353 101
809 297 973 365 ,1666611661
992 296 1244 350 Eiusicdlcrldoster
1262 293 1489 362 llimmclpiortcn.

571 448 662 512 Hanc
683 448 781 530 igitur
800 446 938 510 litteram
963 444 1004 509 de
1032 442 1129 508 verbo
1163 442 1205 508 ad
1235 442 1364 506 verbum
1383 442 1627 525 transcripptam
1642 442 1676 518 (l)
1700 441 1798 523 sigilli

491 537 590 602 nostri
620 536 795 601 munimine
828 534 1006 600 roboratam
1039 533 1082 597 ad
1112 534 1328 598 universorum
1363 531 1513 596 noticiam
1550 532 1693 596 volumus
1729 549 1798 613 per-

491 645 609 692 venire.

567 742 672 796 b'rscbr.
699 742 788 795 Wcru.
831 739 892 793 Due
918 739 1002 808 Sr'cpcl
1028 756 1067 792 66
1093 738 1199 791 starker
1223 736 1406 803 llanfselmur·
1433 735 1553 789 6166111611
1583 736 1659 790 61611·
1687 736 1797 790 66116161.

492 812 621 881 ι1616616.
642 829 690 865 rou
709 811 878 864 aresserbulb:
895 810 1065 880 Rescriptum
1082 808 1197 878 episcopi
1216 810 1249 862 dc
1266 808 1463 862 inhabitatione
1484 807 1632 861 civitatum.

495 1109 611 1191 lesu.
637 1106 734 1188 dull
751 1106 816 1188 211.
867 1105 1084 1187 Walbeek.
1735 1105 1799 1186 10.

603 1222 926 1322 6666666661
961 1260 1019 1302 rai
1044 1240 1208 1315 61666,
1245 1241 1559 1320 procrearentur,
1596 1240 1702 1303 ruerus
1739 1241 1800 1303 61

596 1339 794 1420 [1666611666
812 1337 1129 1400 Eiasicdlcrbriidcrrc
1149 1357 1189 1401 66
1209 1338 1445 1419 llirmnclpfortc
1464 1337 1558 1400 nrildc
1582 1337 1691 1402 Gabar
1711 1360 1801 1418 spcu-

595 1436 828 1515 uicesimarium
852 1435 936 1515 Tupc
955 1434 1079 1499 Abbuss.
1550 1433 1560 1448 ⁸

575 1551 763 1618 Wilhelmus
790 1551 842 1616 dei
868 1551 975 1633 gratia
1005 1549 1138 1616 ecclesie
1157 1551 1414 1617 Monasteriensis
1442 1553 1610 1637 opiscopus
1642 1553 1801 1617 uniuersis

495 1641 615 1707 Christi
635 1640 796 1721 fidelibus,
822 1639 864 1704 ad
883 1659 962 1720 quos
987 1659 1118 1723 presens
1139 1641 1290 1724 scriptum
1314 1641 1507 1722 peruenerit,
1533 1642 1665 1705 salutem
1694 1643 1726 1706 16
1746 1641 1801 1708 (16-

494 1732 580 1797 mino
603 1725 838 1812 sempiternam.
879 1730 969 1793 Licet
990 1729 1027 1809 is,
1048 1729 1090 1793 de
1111 1731 1200 1794 cuius
1219 1729 1453 1808 munereu'enit,
1475 1730 1591 1794 nisibi
1612 1751 1633 1794 6
1654 1730 1801 1796 tidelibus
1847 1769 1854 1786 =

495 1821 562 1885 suis
581 1819 680 1900 digne
700 1837 738 1882 66
758 1817 962 1882 laudabiliter
980 1819 1152 1897 serviatur,
1173 1819 1213 1882 (16
1234 1818 1454 1883 habundantia
1474 1819 1604 1902 pietatis
1626 1839 1682 1885 sue
1703 1819 1802 1884 multa

494 1910 617 1975 maiora
637 1907 790 1972 retribuat
812 1909 949 1989 premia,
975 1927 1070 1989 quam
1090 1907 1221 1972 valeant
1243 1907 1426 1990 promereri,
1453 1907 1562 1973 fideles
1584 1915 1689 1972 tamen
1711 1928 1802 1990 quos-

495 2019 557 2081 que
577 2018 617 2064 ex
636 1995 731 2061 cilicii
750 1996 849 2060 nostri
871 1995 979 2060 debito
1000 1996 1043 2061 ad
1062 2016 1160 2080 opera
1181 1997 1323 2061 cerbatis
1345 1997 1508 2080 cupientes
1529 1997 1673 2077 allicere,
1703 1999 1801 2084 omni-

495 2089 568 2168 bus,
599 2085 653 2166 qui
679 2083 831 2150 fratribus
861 2085 1022 2149 heremitis
1053 2084 1175 2149 ordinis
1206 2086 1308 2149 saneti
1334 2085 1503 2166 Augustini
1535 2087 1576 2152 de
1602 2088 1696 2154 Porta
1723 2088 1803 2170 Celi,

495 2173 773 2241 llalverstadensis
794 2172 949 2254 dyocesis,
971 2193 1046 2238 suas
1068 2174 1256 2238 contulerint
1277 2174 1481 2256 elemosinas,
1502 2181 1558 2240 aut
1578 2177 1660 2241 alias
1681 2178 1801 2243 eisdem

496 2283 622 2328 manum
644 2265 841 2346 porrexerint
862 2262 1059 2341 adiutricem,
1080 2263 1293 2344 quadraginta
1314 2263 1383 2328 dies
1405 2264 1445 2330 de
1467 2265 1609 2330 iniuncta
1630 2267 1691 2331 sibi
1713 2269 1801 2350 peni-

495 2353 596 2417 tentia
616 2351 657 2415 de
679 2351 902 2434 omnipotentis
926 2351 979 2416 dei
1007 2351 1224 2417 misericordia
1250 2353 1443 2435 relaxamus,
1475 2355 1643 2421 dummodo
1665 2355 1801 2440 dyoche-

496 2440 580 2505 siani
590 2440 626 2519 (1)
648 2439 773 2504 affuerit
793 2439 923 2503 licentia
943 2447 975 2504 et
995 2457 1176 2507 consensus.

577 2528 694 2592 Datum
716 2527 901 2609 Waltbelre,
937 2550 1022 2594 anno
1053 2529 1174 2594 domini
1206 2530 1318 2596 ltl⁰CC⁰
1349 2533 1565 2615 sexagesimo,
1602 2536 1635 2599 in
1663 2537 1801 2601 erastino

496 2617 615 2681 lacobi.
1067 2629 1070 2632 ’

571 2732 676 2787 (beclem
698 2735 786 2787 lisera.
818 2734 902 2803 Sicpcl
920 2735 995 2788 616111
1013 2737 1086 2789 risela-r
1105 2736 1265 2790 corluuulerr.

500 2996 612 3079 1262.
640 2996 827 3080 Juniis.
871 2999 1063 3083 llitcrbo.
1744 3014 1801 3095 11.

600 3129 698 3212 Paper
726 3133 832 3197 1161166
851 3133 876 3194 Ι
877 3134 911 3198 V.
938 3140 1077 3215 pestrettet
1107 3139 1168 3201 (166
1190 3137 1304 3202 Oberca
1326 3139 1379 3202 6166
1396 3141 1802 3221 Α666611661Ε16616116ν-

596 3231 724 3307 661666,
743 3231 931 3312 (1161661661,
962 3233 1125 3298 rodeheim
1146 3237 1206 3298 (166
1232 3234 1336 3300 06166
1357 3239 1518 3318 61606166,
1542 3262 1600 3306 coa
1621 3245 1802 3308 (1661111616

596 3328 695 3390 1161166
717 3327 921 3410 8116166116·
941 3331 1218 3414 Α61166611611666,
1239 3334 1293 3396 (166
1314 3335 1480 3399 1616161616
1500 3339 1569 3402 und
1595 3341 1650 3404 der
1671 3341 1802 3407 1166666

597 3425 791 3488 marcai-eutice
810 3425 1050 3507 losrrmprecben.

577 3539 726 3603 Urbanus
752 3541 920 3624 episcopus
950 3562 1060 3609 servus
1084 3564 1245 3611 servorum
1265 3546 1316 3612 dei
1350 3549 1475 3614 dilectis
1501 3551 1576 3616 filiis
1603 3556 1746 3636 generali
1771 3564 1803 3622 et

498 3629 759 3713 provincialibus,
780 3631 948 3714 prioribus,
970 3635 1163 3718 presbyteris
1174 3637 1372 3701 eremitarum
1389 3639 1509 3704 ordinis
1520 3645 1801 3728 sanctidugustini

496 3719 631 3783 salutem
662 3725 693 3783 61
722 3719 929 3802 apostolicam
957 3723 1219 3789 benedictionem.
1268 3726 1402 3791 Celestis
1435 3749 1522 3795 amor
1553 3737 1656 3817 patrie
1683 3742 1803 3801 mentes

496 3814 619 3872 vestras
640 3809 686 3871 sic
707 3808 856 3874 allexisse
877 3814 1074 3896 perspicitur,
1095 3822 1131 3878 ut
1151 3816 1243 3896 quasi
1260 3816 1429 3880 lrccsolum
1446 3817 1687 3887 delectationem
1711 3825 1802 3889 vobis

495 3895 624 3976 tribnat,
645 3896 729 3977 quod
751 3897 859 3966 divine
881 3901 1037 3968 voluntati
1058 3905 1100 3968 sit
1120 3904 1291 3988 placitum,
1313 3912 1345 3970 et
1367 3908 1499 3972 salutem
1521 3913 1659 3994 proferat
1681 3914 1801 3980 animu-

496 4003 574 4048 rum.
615 3984 761 4051 Procedit
782 4007 821 4052 ex
843 3989 916 4065 lroc,
942 3992 1025 4073 quod
1044 4013 1102 4058 nos
1123 3995 1237 4058 vestris
1264 3995 1326 4077 piis
1348 3997 1554 4077 petitionibus
1576 4001 1715 4064 savorem
1741 4002 1803 4065 lar-

496 4073 558 4154 giri
568 4072 748 4139 benivolum
760 4076 964 4160 delectantes,
974 4083 1111 4146 maxime
1125 4103 1195 4146 cum
1207 4101 1246 4146 ex
1259 4084 1425 4166 apostolici
1438 4104 1513 4149 cura
1524 4087 1620 4153 officii
1631 4097 1802 4172 teneamur,

496 4161 583 4226 circa
601 4163 766 4245 religionis
785 4176 988 4249 augmentum
1010 4171 1122 4234 attenti
1144 4179 1176 4236 et
1196 4171 1313 4254 vigiles
1335 4173 1482 4253 inveniri,
1503 4176 1594 4240 vobis
1615 4178 1801 4244 auctoritate

496 4251 687 4333 presentium
714 4255 927 4338 indulgemus,
957 4266 991 4322 ut
1017 4260 1196 4325 volentibus
1223 4265 1328 4324 vestro
1361 4264 1533 4344 aggregari
1564 4265 1711 4347 collegio,
1746 4269 1801 4349 qui

497 4341 716 4423 suspensionis
736 4351 790 4408 aut
812 4346 971 4410 interdicti
983 4348 1033 4412 vel
1047 4348 1402 4414 excommunicationum
1416 4353 1583 4418 sententiis
1603 4362 1674 4418 sunt
1693 4355 1802 4438 legati,

497 4428 706 4496 absolutionis
726 4433 911 4502 beneficium
933 4437 1021 4503 iuxta
1031 4438 1162 4506 fomlam
1184 4438 1317 4507 ecclesie
1334 4439 1802 4530 1166611111611666616061166
