4459 5167
510 333 562 392 868
762 330 1047 392 cistercieussmnnen·
1067 327 1286 404 (Heiiigenblut)
1304 327 1565 388 Ifloatchaterler.
1603 320 1614 332 ‘

511 489 616 554 sancti
637 485 804 552 Michaelis
830 484 926 551 michi
954 483 1210 550 committendam
1237 502 1295 568 per
1319 488 1436 548 memet
1462 482 1565 566 ipsum
1591 479 1727 546 fideliter
1754 475 1820 544 ofli-

512 577 614 658 ciabo,
635 574 795 640 dominum
813 577 1007 659 prepositum
1029 592 1152 639 necnon
1167 575 1249 638 alios
1262 572 1453 652 sacerdotes,
1474 572 1575 637 eciam
1589 571 1617 634 si
1635 569 1820 653 capellanus

511 685 580 731 esse
601 663 738 746 desiero,
767 665 800 730 in
822 663 1200 730 summisfestivitatibus
1225 669 1256 728 et
1277 662 1360 726 alias
1385 661 1418 726 in
1444 661 1563 725 divinis
1589 657 1703 723 officiis
1730 659 1819 723 iuxta

511 755 770 820 reformationem
797 773 854 839 per
879 755 1063 836 religiosam
1091 759 1123 815 et
1152 751 1357 817 reverendam
1384 750 1545 814 dominam
1573 756 1606 813 et
1631 756 1819 814 conventum

512 844 576 908 iam
607 849 701 908 antea
727 843 958 927 promulgatam
988 842 1119 922 iuvabo,
1146 860 1204 906 nec
1232 859 1370 921 unquam
1397 859 1450 904 ero
1477 840 1509 902 in
1536 839 1684 913 consilio,
1711 838 1819 902 favore

511 931 563 998 vcl
584 931 714 1012 auxilio,
737 931 789 995 ubi
812 931 983 1015 periculum
1000 932 1051 996 vel
1072 929 1280 996 schandalum
1304 938 1478 995 conventus
1498 928 1647 1012 prelibati
1668 927 1820 992 omnium-

513 1040 573 1104 que
595 1019 675 1084 inibi
696 1019 883 1102 degencium
904 1026 936 1085 et
957 1018 1041 1104 apud
1069 1019 1197 1085 easdem
1221 1019 1447 1084 famolancium
1474 1018 1675 1097 tractabitur;
1703 1015 1821 1080 damna

513 1128 637 1192 quoque
664 1108 832 1173 eorundem
860 1128 917 1193 pro
943 1127 1015 1173 mea
1040 1107 1253 1192 possibilitate
1281 1114 1424 1174 avertam
1446 1114 1477 1172 ct
1499 1107 1636 1172 evitabo.
1677 1106 1821 1190 Insuper,

512 1200 540 1262 si
562 1197 745 1280 contigerit,
772 1217 822 1261 me
845 1199 878 1262 in
899 1197 1007 1278 aliquo
1028 1199 1272 1281 prescriptorum
1292 1198 1475 1263 notabiliter
1502 1197 1634 1262 delicere
1660 1203 1716 1260 ant
1742 1195 1819 1260 alibi

513 1307 607 1370 quam
625 1287 657 1350 in
669 1286 843 1351 Waterlere
859 1285 1054 1350 domicilium
1071 1295 1188 1366 tenere,
1210 1295 1325 1351 extunc
1338 1294 1431 1370 prout
1443 1306 1567 1350 exnunc
1581 1288 1653 1368 ipsa
1672 1283 1821 1368 religiosa

513 1375 643 1440 domina
669 1381 815 1456 totusque
844 1381 1017 1440 conventus
1042 1376 1167 1439 cenobii
1188 1375 1362 1440 Waterlere
1389 1382 1461 1459 post
1488 1395 1583 1440 unum
1610 1393 1749 1438 mensem
1775 1374 1821 1437 in-

513 1464 650 1529 mediate
672 1462 756 1528 diem
777 1463 1011 1529 absentacionis
1024 1483 1093 1528 mee
1107 1470 1291 1547 sequentem
1308 1464 1525 1529 commendam
1539 1464 1641 1529 sancti
1656 1462 1821 1527 Michaelis

513 1552 728 1636 supradictam
751 1551 882 1618 liberam
904 1551 1016 1617 alteri¹
1037 1551 1294 1617 committendam
1315 1553 1448 1618 habebit
1468 1552 1664 1633 facultatem,
1683 1553 1769 1617 unde
1790 1556 1822 1616 et

513 1642 677 1709 renunetic
705 1662 762 1728 per
782 1648 945 1726 presentes
976 1642 1060 1706 omui
1094 1641 1335 1707 contradictioni
1368 1650 1400 1708 et
1430 1642 1613 1726 excepcioni
1646 1641 1742 1706 michi
1771 1641 1821 1707 vel

514 1731 749 1797 111111111111ι
773 1731 834 1795 mei
857 1731 984 1794 nomine
1006 1731 1208 1813 competenti.
1250 1731 1286 1794 lu
1298 1732 1387 1796 cuius
1401 1732 1447 1796 rei
1461 1731 1594 1796 evidens
1608 1730 1822 1795 testimoninm

513 1819 571 1884 bas
598 1820 722 1884 litteras
742 1818 916 1900 vulgariter
942 1818 1101 1883 reversale
1130 1825 1329 1902 nuncupatas
1354 1820 1504 1902 religiose
1531 1821 1658 1884 domine
1684 1838 1722 1883 ac
1750 1839 1821 1884 con-

513 1909 621 1974 ventui
639 1907 804 1990 prelibatis
818 1905 937 1971 tradidi
954 1905 1061 1990 sigillo
1072 1907 1266 1973 venerabilis
1277 1908 1339 1972 viri
1354 1908 1473 1973 domini
1488 1907 1823 1974 lobannisWiddinck

515 1997 714 2072 confessoris,
736 2015 774 2060 eo
793 1994 879 2077 quod
899 2013 958 2075 ego
981 1995 1141 2078 proprium
1164 2015 1226 2060 non
1248 1997 1393 2077 habeam,
1414 2018 1471 2082 pro
1492 2018 1542 2063 me
1562 1997 1731 2079 sigillatas.

594 2087 708 2150 Actum
739 2102 823 2148 anno
855 2082 974 2147 domini
1011 2083 1179 2150 millesimo
1210 2085 1465 2167 quingentesimo
1494 2087 1635 2167 XVllIl,
1666 2086 1719 2152 die
1747 2106 1822 2153 reru

515 2172 609 2238 XVll
629 2173 748 2238 mensis
769 2169 889 2254 Marcij.

595 2263 636 2326 at
657 2282 717 2346 ego
738 2261 896 2325 lohannes
913 2259 1102 2344 Widdingk,
1123 2263 1283 2328 confessor
1303 2262 1462 2345 virginum
1483 2284 1542 2347 pro
1562 2271 1716 2348 tempore,
1738 2285 1823 2330 reco-

515 2369 649 2436 gnosce,
675 2349 760 2431 quod
781 2349 822 2414 ob
843 2350 1034 2432 peticionem
1060 2350 1136 2416 dicti
1159 2353 1304 2434 Gregorij
1322 2352 1515 2417 Immenrodt
1541 2353 1598 2418 has
1618 2356 1742 2419 litteras
1765 2375 1822 2438 pro

516 2460 554 2506 eo
584 2439 725 2522 sigillavi
754 2438 921 2522 prelibatis
954 2438 1072 2504 tradidi
1103 2439 1232 2528 citra(!)
1254 2441 1466 2523 cuiuscunque
1494 2462 1676 2525 perversam
1704 2445 1823 2509 machi-

516 2531 688 2596 nationem.

593 2628 699 2682 Uraelrr.
719 2625 818 2696 Papia·
833 2627 921 2684 ll'era.
957 2625 1019 2682 Dua
1036 2627 1228 2699 uufpadtaiclrtc
1245 2627 1329 2699 Sfcpel
1346 2644 1367 2682 1.
1390 2629 1448 2698 inf.
1473 2630 1505 2696 V,
1524 2629 1577 2684 Nr.
1590 2635 1631 2686 42.

589 2708 616 2774 l)
634 2707 689 2761 Dic
714 2707 899 2763 111111111111.
1044 2734 1047 2750 ι

518 2899 631 2984 loto.
659 2897 910 3002 September
927 2900 989 2983 12.
1015 2899 1239 2984 Waterler.
1737 2903 1823 2987 213.

625 3035 754 3117 Veram
785 3035 936 3100 awiscltca
967 3035 1080 3113 Bulbo,
1111 3037 1236 3120 Grufcn
1263 3059 1305 3102 aa
1334 3037 1468 3121 81111119
1500 3040 1570 3103 arad
1597 3038 1824 3121 Wemipcrode,

618 3133 668 3197 uls
690 3133 825 3214 Erbcopl
850 3134 919 3196 aad
939 3133 1115 3197 weltlicbern
1140 3133 1311 3200 Oberbcrra
1334 3137 1388 3200 des
1408 3137 1447 3200 K
1451 3136 1557 3200 1111111
1574 3136 1735 3215 Waterler,
1756 3137 1825 3201 und

620 3231 681 3296 den
701 3251 759 3295 voa
780 3232 841 3295 den
861 3230 997 3296 Battara
1015 3233 1222 3296 venaebenea
1241 3233 1281 3297 K
1285 3231 1573 3316 hamuapsruucn
1591 3235 1668 3298 tiber
1692 3236 1743 3298 dic
1763 3234 1826 3298 Be-

560 3334 561 3338 ’
619 3329 801 3410 diapunpca
819 3329 875 3393 dcr
903 3328 1234 3411 Wicdcruufricbtunp
1253 3331 1308 3395 des
1327 3332 1366 3395 K
1369 3332 1483 3396 fosters.

676 3427 734 3483 Vota
755 3427 852 3482 dicaam
875 3427 999 3498 Vatrape
1023 3429 1086 3482 sind
1109 3430 1257 3486 eimetbefla
1277 3431 1325 3486 der
1343 3433 1518 3502 plefeltzeftfpe
1542 3433 1676 3501 Ibvtrmrrf
1695 3431 1754 3486 tend
1775 3449 1825 3484 rura

671 3497 718 3551 der
735 3497 932 3567 Aansertipmtp
947 3499 1002 3554 1111·
1020 3515 1071 3552 aas
1088 3499 1148 3552 dem
1157 3500 1237 3554 Euda
1253 3501 1299 3556 dcc
1315 3506 1356 3558 16.
1375 3503 1435 3557 rond
1451 3520 1503 3557 arcs
1515 3504 1574 3558 dem
1588 3508 1628 3558 17.
1639 3503 1826 3558 Jultrltundert

672 3568 836 3622 stammende
853 3569 1025 3638 Abacltrt'stea
1042 3569 1202 3624 ravanam.
1238 3571 1287 3624 Da
1303 3573 1361 3626 ciac
1378 3573 1546 3643 Erymaacsp
1567 3573 1612 3627 dea
1635 3579 1749 3628 cratem
1774 3588 1827 3626 urta

671 3637 723 3691 den
750 3639 870 3692 1111111111
891 3639 967 3692 aaut
991 3640 1060 3693 wohl
1084 3641 1251 3707 aaalulvrbar
1274 3641 1322 3708 111,
1349 3658 1379 3697 so
1400 3645 1466 3713 solpl
1487 3645 1618 3699 1111111111
1639 3643 1687 3698 der
1708 3659 1760 3697 aare
1779 3643 1826 3696 der

670 3708 819 3830 gdflfcbca
836 3707 953 3762 Kumlef
969 3710 1208 3778 beraurpepaapcnc
1223 3711 1357 3780 mercar-s
1378 3715 1420 3780 A,
1443 3713 1549 3768 aoduan
1570 3714 1613 3767 dic
1630 3715 1755 3781 Auafoti

703 3817 711 3844 ,
736 3779 777 3832 uei
793 3779 902 3832 roelcller
918 3779 961 3832 dfe
978 3779 1218 3850 Recbtaclvretbtmp
1234 3787 1315 3836 aaa
1332 3783 1499 3853 Aalcbmmp
1515 3802 1554 3838 un
1570 3783 1614 3838 die
1630 3783 1731 3838 rcracb'
1760 3801 1827 3836 eram

673 3848 846 3916 Abacltrfsten
863 3855 944 3904 etwas
958 3850 1120 3917 awdnsucbt
1135 3852 1179 3905 111.

602 4041 766 4110 Nacbdem
792 4043 848 4110 itzt
875 4042 908 4110 in
936 4043 993 4110 der
1025 3957 1204 4130 cntporudg
1231 4045 1288 4113 der
1313 4048 1536 4115 bavverschafft
1564 4050 1623 4116 das
1649 4049 1764 4116 closter
1789 4067 1826 4112 zu

521 4131 699 4199 Wasserler
719 4132 904 4216 gesturmbt,
924 4133 1114 4218 geplundert
1134 4134 1199 4199 und
1220 4136 1361 4202 zurissen
1382 4139 1447 4203 und
1468 4138 1521 4203 die
1535 4139 1828 4222 erwirdigcunsere

521 4222 606 4288 liebe
632 4221 824 4304 andeclrtige
850 4222 1053 4305 Margaretba
1080 4245 1143 4289 von
1169 4225 1337 4309 Leiptnitu,
1372 4227 1513 4293 ebtische
1538 4227 1695 4310 doselbst,
1722 4230 1829 4310 sampt

522 4311 643 4376 andern
664 4331 742 4398 yren
767 4320 919 4378 swestern
948 4314 1012 4378 und
1039 4313 1236 4395 jungfrawcn
1257 4315 1375 4382 daraus
1399 4316 1598 4400 gedrungeu,
1628 4315 1761 4380 derbalb
1781 4319 1828 4380 sie

522 4419 582 4466 uns
604 4398 715 4465 bitlicb
734 4401 859 4466 ersnobt
881 4401 945 4465 und
966 4402 1241 4484 undertbeniglich
1261 4406 1413 4488 gebetcu,
1441 4407 1500 4470 das
1521 4407 1594 4488 vvir,
1621 4405 1670 4470 als
1694 4405 1828 4484 crbvogt

523 4489 587 4562 und
608 4490 782 4556 weltlicber
802 4489 935 4556 uberber
958 4491 1091 4557 benunta
1110 4492 1250 4574 closters,
1270 4513 1327 4578 sye
1346 4493 1412 4558 und
1431 4514 1489 4580 yrc
1502 4495 1712 4560 mitsvvestern
1728 4491 1829 4559 wider
