4459 5167
1224 306 1317 362 Nr.
1360 309 1665 363 105—107.
1707 327 1755 363 a.
1802 308 2177 362 1477—1479.
2915 311 3012 364 177

406 463 618 523 nostre
662 463 1009 522 extremum
1056 458 1237 522 bonis
1262 458 1558 541 operibus
1598 459 1930 541 prevenire
1973 464 2035 521 et
2076 477 2154 522 ea
2194 457 2508 522 seminare
2543 457 2608 521 in
2653 459 2852 536 terris,
2892 478 3014 540 que

404 547 742 631 multiplici
783 547 987 612 fructu
1044 547 1343 630 colligere
1388 547 1713 612 valeamus
1767 548 1834 612 in
1876 546 2058 627 celis;
2113 547 2265 628 quia
2327 548 2434 628 qui
2493 566 2684 630 parce
2727 549 3016 627 seminat,

404 656 597 720 parce
638 642 702 701 et
723 643 934 714 metet,
978 643 1042 701 et
1082 637 1190 718 qui
1233 638 1298 701 in
1330 637 1878 702 benedictionibus
1908 638 2198 716 seminat,
2238 638 2302 700 in
2341 637 2782 701 benedictione
2825 643 3020 701 metet

404 726 607 790 vitam
649 731 946 789 eternam.
1030 725 1198 789 Hinc
1248 733 1345 790 est
1385 726 1569 790 sicuti
1612 725 1891 790 veridico
1948 724 2288 789 didicimus
2336 725 2563 803 relatu,
2621 724 2788 807 quod
2831 745 3017 790 vene-

404 815 642 879 rabiles
684 820 746 877 et
787 813 1068 895 religiosi
1122 821 1333 897 patres
1386 815 1556 897 prior
1599 821 1661 879 et
1704 820 2048 878 conventus
2085 814 2423 894 Polteceli,
2474 813 2714 879 ordinis
2759 815 3017 879 fratrum

405 903 849 968 heremitarum
893 903 1100 967 sancti
1139 905 1477 985 Augustini
1522 903 1601 966 de
1643 904 2050 967 observantia
2090 903 2368 983 regulari
2410 923 2607 986 prope
2650 903 3020 985 Werninge-·

406 991 577 1071 rode,
617 999 828 1056 nostre
870 991 1164 1074 diocesiS,
1207 993 1390 1057 nobis
1432 993 1496 1055 in
1523 993 1773 1058 Christo
1816 991 2027 1059 devoti
2076 991 2395 1073 quandam
2438 1012 2668 1056 novam
2707 994 3019 1076 capellam

407 1090 472 1152 in
530 1080 783 1144 laudem
845 1080 950 1145 dei
1008 1081 1453 1164 omnipotentis
1508 1088 1571 1145 et
1636 1081 1933 1145 honorem
1993 1081 2181 1145 beate
2236 1081 2583 1146 Katherine
2638 1082 2907 1164 virginis
2958 1089 3021 1147 et

406 1170 685 1233 martiris
741 1175 803 1233 et
854 1168 1007 1232 dieti
1050 1174 1393 1233 conventus
1435 1168 1701 1234 ecclesie
1752 1167 2202 1253 appendiciam
2254 1188 2395 1233 cum
2438 1169 2738 1234 liberaria
2764 1171 2833 1248 (Ξ)
2877 1190 3021 1234 con-

406 1266 650 1323 struere
689 1264 752 1322 et
792 1256 1091 1322 edificare
1134 1264 1196 1321 et
1237 1259 1575 1321 reformare
1618 1263 1949 1339 coguntur3
1995 1258 2162 1338 quod
2204 1263 2416 1320 tamen
2460 1256 2656 1322 iidem
2701 1266 2915 1342 patres
2958 1265 3022 1326 et

409 1356 756 1411 conventus
798 1344 878 1409 de
919 1346 1192 1429 propriis
1233 1365 1444 1410 eorum
1486 1346 1895 1410 facultatibus
1937 1364 2335 1426 nequaquam
2378 1345 2727 1429 adimplere
2768 1356 3023 1431 queunt,

411 1437 533 1500 nisi
600 1436 843 1518 piorum
917 1433 1415 1500 christifidelium
1475 1436 1713 1499 auxilio
1778 1443 1841 1501 et
1903 1435 2382 1500 elemosinarum
2447 1435 2794 1518 largicione
2863 1439 3023 1520 ipsis

410 1532 821 1590 succurratur.
910 1524 1207 1588 Volentes
1264 1523 1461 1604 igitur
1501 1543 1613 1588 vos
1668 1523 1750 1587 ad
1811 1524 2073 1606 pietatis
2115 1543 2312 1607 opera
2362 1523 2653 1599 incitare,
2719 1527 3022 1591 universi-

410 1621 605 1678 tatem
662 1622 935 1677 vestram
990 1613 1365 1695 requirimus
1419 1619 1482 1676 et
1539 1613 1604 1677 in
1662 1612 1918 1676 domino
1970 1613 2290 1676 hortamur
2331 1613 2635 1695 vobisque
2687 1614 2752 1676 in
2808 1616 3022 1679 remis-

409 1705 651 1768 sionem
709 1711 1105 1786 peccatorum
1151 1706 1500 1765 vestrorum
1551 1701 1968 1782 iniungimuS,
2044 1709 2388 1782 quatenus,
2446 1721 2585 1765 cum
2644 1708 2857 1784 patres
2911 1723 3020 1767 seu

408 1792 636 1857 fratres
681 1791 836 1855 dicti
882 1797 1225 1854 conventus
1267 1809 1375 1853 seu
1421 1809 1631 1854 eorum
1674 1790 1890 1852 nuncii
1933 1789 2322 1854 exhibitores
2359 1792 2754 1874 presencium
2797 1792 2881 1855 ad
2907 1812 3021 1856 vos

410 1881 717 1960 venerint,
761 1899 873 1963 pro
896 1878 1253 1943 huiusmodi
1284 1879 1528 1961 capelle
1561 1897 1637 1942 ac
1667 1878 1961 1941 liberarie
1985 1880 2448 1944 construetione
2481 1886 2544 1945 et
2572 1880 3022 1945 reformacione

410 1969 701 2055 petituri,
755 1969 915 2051 ipsis
965 1966 1045 2031 de
1099 1966 1281 2031 bonis
1322 1966 1504 2031 vobis
1555 1987 1596 2030 a
1639 1965 1759 2037 deo
1814 1966 2060 2030 collatis
2101 1967 2439 2032 subvenire
2487 1968 2743 2048 curetiS,
2799 1977 2868 2032 ut
2908 1989 3023 2052 per

409 2059 527 2124 hec
570 2066 635 2122 et
662 2058 794 2122 alia
825 2054 1083 2139 pietatis
1104 2074 1317 2138 opera,
1361 2073 1481 2136 que
1512 2054 1763 2119 domino
1800 2055 2153 2139 inspirante
2185 2057 2480 2137 feceritis,
2523 2064 2744 2122 eterna
2783 2059 3023 2138 gaudia

412 2147 751 2231 promereri
799 2145 1053 2229 possitis
1095 2152 1157 2208 et
1209 2142 1551 2227 possidere.
1637 2143 1770 2206 Nos
1819 2145 1986 2205 enim
2041 2144 2332 2209 omnibus
2373 2164 2519 2210 vere
2573 2145 3023 2229 penitentibuS,

411 2237 718 2301 confessis
758 2243 819 2300 et
864 2230 1147 2298 contritis
1193 2252 1267 2296 ac
1294 2250 1516 2296 manus
1557 2251 1705 2295 suas
1748 2231 2159 2313 conpassivas
2200 2240 2264 2296 et
2306 2232 2646 2298 adiutrices
2686 2235 3021 2298 occasione

413 2325 855 2409 premissorum
922 2322 1048 2387 hiis
1105 2321 1601 2403 porrigentibus,
1660 2320 1739 2385 de
1794 2322 2244 2402 omnipotentis
2301 2321 2403 2386 dei
2462 2322 2894 2387 misericordia
2960 2331 3021 2388 et

413 2421 771 2480 sanctorum
817 2413 983 2477 Petri
1026 2418 1089 2475 et
1129 2410 1311 2474 Pauli
1354 2411 1776 2493 apostolorum
1817 2409 2191 2473 auctoritate
2233 2429 2476 2475 necnon
2521 2413 2725 2476 sancti
2753 2412 3023 2477 Steffani

411 2501 949 2588 prothomartiris,
1006 2499 1204 2564 nostri
1245 2499 1531 2582 patroni,
1584 2498 1824 2562 meritis
1869 2497 2115 2578 confisi,
2170 2500 2598 2581 quadraginta
2639 2501 2778 2566 dies
2819 2502 3023 2566 indul-

411 2593 780 2674 genciarum
823 2590 903 2655 de
946 2587 1243 2652 iniunctis
1285 2587 1410 2651 sibi
1453 2586 1829 2670 penitenciis
1876 2587 1938 2650 in
1972 2587 2225 2651 domino
2251 2588 2737 2654 misericorditer
2780 2592 3023 2656 relaxa-

413 2699 572 2744 muS.
655 2678 851 2742 Vobis
895 2677 1154 2760 insuper
1201 2675 1608 2741 ecclesiarum
1653 2680 1716 2739 et
1769 2673 2125 2738 divinorum
2168 2675 2516 2740 rectoribus
2562 2697 2677 2761 per
2716 2678 3022 2745 diocesim

412 2777 693 2833 nostram
746 2766 1011 2830 ubilibet
1062 2764 1418 2829 constitutis
1472 2762 1539 2826 in
1584 2761 1813 2825 virtute
1871 2769 2089 2827 sancte
2131 2761 2501 2829 obediencie
2542 2764 2828 2831 districte
2884 2787 3023 2850 pre—

415 2855 718 2941 cipiendo
761 2855 1162 2935 mandamuS,
1201 2861 1511 2934 quatenus
1552 2870 1691 2915 eum
1736 2850 1890 2914 dicti
1932 2856 2146 2933 patres
2187 2856 2298 2915 aut
2338 2871 2550 2916 eorum
2591 2855 2805 2920 nuncii
2849 2856 3022 2921 exhi-

413 2948 649 3011 bitores
706 2944 1099 3029 presencium
1143 2942 1227 3007 ad
1266 2962 1381 3006 vos
1421 2940 1709 3005 venerint
1749 2940 2129 3004 elemosinas
2169 2941 2460 3023 petituri,
2517 2944 2688 3026 ipsos
2731 2946 3023 3010 benivole

412 3037 658 3117 absque
710 3034 977 3097 alicuius
1032 3031 1308 3096 muneris
1366 3030 1695 3094 exactione
1738 3029 1821 3093 ad
1866 3028 2125 3093 verbum
2164 3029 2268 3094 dei
2310 3030 2765 3113 predicandum
2808 3042 2871 3097 et
2912 3055 3024 3099 ue-

412 3123 665 3205 gocium
710 3140 891 3185 suum
933 3118 1422 3204 promovendum
1459 3117 1809 3181 admittatis
1852 3125 1915 3181 et
1967 3116 2240 3181 fideliter
2277 3139 2645 3201 promovere
2685 3123 2916 3188 curetis
2960 3131 3023 3187 et

417 3212 654 3296 populo
708 3211 891 3276 vobis
946 3208 1306 3286 commisso,
1374 3207 1428 3271 si
1481 3207 1840 3270 affectatum
1901 3207 2117 3287 fuerit,
2175 3209 2507 3290 intimetis,
2576 3213 2878 3293 premium
2938 3213 3020 3278 ab

416 3300 696 3364 omnium
733 3298 1034 3362 bonorum
1062 3296 1360 3377 largitore
1404 3302 1466 3359 et
1505 3301 1964 3359 remuneratore
1997 3297 2326 3378 recepturi,
2369 3299 2766 3379 presentibus
2809 3307 3020 3366 tamen

415 3409 455 3453 a
499 3389 650 3454 dato
692 3386 1082 3474 presencium
1125 3390 1269 3468 post
1308 3385 1534 3448 festum
1568 3384 1771 3447 sancti
1803 3383 2058 3447 Martini
2094 3384 2380 3467 episcopi
2424 3387 2707 3468 proxime
2747 3390 3017 3454 futurum

409 3478 673 3542 minime
715 3475 1023 3541 valituris.

581 3567 818 3630 Datum
893 3566 960 3630 in
1042 3571 1248 3629 castro
1330 3569 1542 3627 nostro
1615 3562 1934 3644 Groning,
2018 3583 2183 3627 anno
2266 3584 2306 3627 a
2377 3565 2708 3631 nativitate
2782 3568 3020 3634 domini

415 3655 956 3721 M⁰CCCC⁰LXX⁰
998 3660 1253 3733 octav0,
1305 3653 1466 3717 feria
1504 3651 1702 3716 tercia
1741 3660 1885 3735 post
1931 3653 2159 3717 Briccii
2215 3654 2497 3738 episcopi
2543 3663 2606 3720 et
2649 3658 3022 3722 confessoris

414 3752 630 3810 nostro
668 3744 784 3808 sub
829 3742 1041 3824 sigillo
1083 3740 1481 3824 presentibus
1524 3760 1826 3823 appenso,
2363 3789 2367 3799 .

580 3860 847 3927 Urscln·ist
884 3877 944 3939 α..
972 3858 1119 3926 Pery.
1156 3857 1246 3910 des
1279 3858 1469 3925 Sieyels
1503 3858 1718 3909 bmaubt
1753 3858 1826 3910 im
1859 3874 1941 3925 φτ.
1980 3857 2048 3910 H
2045 3858 2249 3912 .·Arch.
2285 3875 2353 3911 zu
2407 3861 2586 3914 Wem.

415 4027 645 4111 1479.
700 4023 1174 4108 December
1228 4023 1352 4103 10.
1470 3999 1970 4010 *—
2847 4030 3021 4112 107.

619 4162 755 4226 Nos
809 4161 1033 4224 fratres
1073 4157 1340 4222 Iodocus
1379 4156 1832 4221 Thomaswald
1884 4157 2083 4241 prior,
2138 4157 2513 4226 Fredericus
2554 4162 2874 4246 supprior,
2929 4165 3022 4228 lo-

615 4259 862 4323 hannes
912 4261 1305 4340 procurator,
1357 4253 1673 4318 lohannes
1730 4263 1938 4319 custos
1985 4261 2048 4318 et
2104 4261 2270 4320 totus
2312 4267 2657 4324 conventus
2699 4260 3022 4340 Porteceli‚

619 4355 752 4421 ord.
796 4356 866 4419 fr.
909 4353 1039 4417 her.
1081 4372 1126 4415 s.
1154 4352 1510 4432 Augustini,
1556 4351 1863 4414 bekennen
1904 4371 2020 4413 von
2064 4353 2174 4414 der
2200 4353 2520 4417 Aebt·e‘ssin
2547 4355 3021 4439 Sophe’e(1⁴*yga)

619 4473 703 4517 zu
742 4449 1029 4515 Drabeck
1080 4449 1214 4511 eine
1268 4446 1446 4529 Hufe
1492 4469 1574 4513 zu
1626 4445 2081 4528 Dav-Iinyerode
2131 4449 2754 4533 (Dervelingerode),
2813 4473 3020 4515 wovon

526 4567 826 4615 Genchichtsq,
836 4567 877 4606 d.
891 4565 959 4605 Pr.
972 4564 1159 4604 Soehaen
1188 4563 1278 4604 XV·
2557 4557 2620 4608 12
