4459 5167
839 318 885 371 Nr.
904 319 945 370 54.
967 322 1007 371 55.
1025 336 1048 373 a.
1072 320 1145 372 1328.
1159 318 1233 371 1329.
1640 319 1689 373 tut

482 472 514 531 et
542 466 650 571 inane,
679 466 773 531 irnmo
802 468 890 531 iuxta
916 466 1151 533 declarationes
1173 468 1344 551 premissas
1364 488 1488 532 eassuru
1510 473 1542 533 et
1568 467 1688 533 irritum

482 574 677 619 nuuoranrns.

523 644 641 709 Datum
667 645 931 727 Asehatfenburg,
970 645 1027 709 Vl⁰
1055 644 1211 710 kalendas
1238 645 1335 725 lunii,
1366 664 1450 710 auno
1476 646 1596 711 domiui
1620 646 1688 711 mil-

482 733 593 797 lesimo
615 734 705 799 ceth
726 734 876 799 vicesimo
897 742 997 801 sexto.

462 823 497 885 ln
531 824 620 887 euius
654 824 891 907 protestationis
923 832 954 887 et
986 824 1120 889 visionis
1148 822 1343 888 evidentiam
1374 824 1513 903 sigilium
1549 832 1688 889 nostrum

383 914 582 994 presentibus
601 920 649 978 est
671 932 845 997 appensum
858 914 915 978 sub
932 932 1015 979 anno
1033 914 1153 979 domiai
1171 913 1456 978 hl⁰CCt'⁰XXVl⁰³
1478 916 1510 977 iu
1528 914 1690 979 dominius

383 1003 556 1067 luvoeavit.

455 1118 561 1173 Ursebr.
579 1120 668 1171 libro.
712 1119 767 1172 Vorr
786 1119 845 1173 deor
857 1120 941 1189 Sr'eprl
962 1122 995 1174 fat
1014 1120 1081 1173 uach
1099 1120 1144 1173 eiu
1162 1119 1439 1173 ileirwsBruehutriel·
1453 1120 1580 1173 erhulterr.
1618 1120 1688 1185 Auf-

381 1188 620 1326 impiis?
641 1190 676 1243 iat
701 1190 752 1243 dua
775 1190 798 1242 T
796 1196 951 1259 rurrsrurupl
976 1192 1072 1259 sritber
1094 1190 1193 1255 dulirt,
1221 1191 1263 1242 ula
1286 1190 1337 1241 rius
1362 1190 1531 1259 fhirr'lepium
1553 1190 1598 1245 dau
1622 1190 1690 1243 Ert-

452 1364 479 1419 tl
505 1364 662 1433 b'raprtinpl.
681 1365 801 1431 apostoli.
821 1396 853 1403 -
872 1366 900 1425 2)
923 1366 957 1419 Ira
974 1356 1021 1419 ‹ter'
1040 1366 1157 1419 lfdsebr.
1176 1365 1224 1417 der
1241 1362 1306 1423 Uri,
1326 1366 1362 1417 r'at
1380 1382 1424 1417 rur
1442 1366 1563 1420 mittitur
1581 1368 1608 1437 p
1626 1385 1689 1421 urra-

380 1434 501 1501 pelallen.
523 1464 554 1473 -
576 1436 604 1501 3)
624 1434 660 1487 Iu
677 1434 724 1489 der
742 1436 812 1487 Zuhl
831 1434 860 1488 X
862 1436 890 1487 Χ
899 1436 939 1489 VI
954 1438 988 1491 iat
1006 1436 1048 1490 dle
1068 1444 1135 1490 erate
1152 1436 1183 1489 X
1199 1452 1252 1489 (aaa
1276 1435 1301 1489 V
1315 1436 1516 1503 auwbpobrsaert.

383 1590 494 1673 raas.
523 1591 800 1674 seorsum.
919 1566 950 1571 ’“
1623 1594 1688 1675 or.

480 1726 594 1791 Frater
621 1728 831 1809 Augustinus,
864 1728 986 1793 ordinis
1013 1728 1238 1793 heremitarum
1269 1728 1370 1792 saneti
1397 1728 1583 1808 Augustini,
1618 1750 1690 1794 oon-

482 1825 611 1889 stitutus
633 1826 720 1907 prior
742 1826 773 1889 in
792 1825 886 1890 Porta
902 1826 980 1905 leti,
1002 1826 1083 1905 trifft
1104 1825 1191 1888 rrehst
1210 1825 1279 1887 doru
1291 1824 1354 1887 slot
1372 1845 1414 1888 aa
1430 1825 1454 1887 I
1454 1825 1598 1906 isenhmp
1622 1826 1690 1888 errat

480 1922 550 1985 doru
576 1921 686 2002 Ropst
698 1942 739 1986 au
753 1923 934 1986 ribberrrode
953 1922 1102 1986 arntsctua
1125 1924 1180 1985 der
1201 1922 1359 1985 Aebtissira
1382 1923 1451 1985 arud
1471 1924 1539 1986 dem
1557 1922 1691 2003 Pfurrer·

479 2040 523 2083 aa
555 2017 700 2083 Delibari·
738 2021 806 2083 aiae
843 2020 1078 2101 Errtseher'duap
1115 2019 1152 2083 io
1188 2018 1373 2083 Puroehiul-
1406 2020 1475 2083 raud
1512 2020 1690 2101 palatiis-heu

481 2116 770 2197 Arapelepeuheiten.

461 2234 580 2298 Datum
607 2254 690 2299 anno
718 2233 838 2298 domini
864 2234 1033 2305 millesimo
1064 2234 1284 2300 trecentesimo
1315 2233 1467 2299 vicesimo
1495 2239 1620 2315 octavo,
1657 2234 1688 2298 in

385 2323 497 2405 vigilia
519 2323 622 2387 saneti
644 2322 763 2387 Mathia
785 2322 931 2407 apostoli.

451 2440 590 2495 Gaimcbt
609 2440 645 2493 r'm
655 2440 807 2494 Drailreoler
822 2440 991 2493 Urlruruierrb.
1011 2442 1063 2493 Νι.
1075 2444 1116 2507 71,
1137 2440 1164 2499 S.
1175 2442 1248 2507 61s.;
1269 2440 1315 2509 epi.
1326 2440 1347 2492 Ι
1348 2440 1427 2493 laerrb.
1447 2439 1617 2493 Uriumlerrlr.
1627 2446 1689 2495 222.

389 2598 501 2679 1329.
529 2598 713 2679 (lutobor
731 2596 793 2679 13.
974 2586 1162 2595 ’ψ
1626 2600 1690 2682 frti.

481 2731 547 2797 Die
577 2732 738 2797 Gebrrider
764 2730 906 2797 Dielrr'ela
936 2734 1004 2795 arrad
1031 2732 1185 2795 Heia-ricla
1215 2752 1274 2794 uon
1302 2730 1388 2795 Beck
1424 2732 1592 2813 rerlruuferr
1623 2735 1692 2797 derra

484 2830 612 2919 Khrstor
629 2830 890 2912 Himruelpforteu
911 2832 978 2893 eino
997 2830 1086 2911 Herse
1107 2831 1175 2893 arrd
1197 2830 1287 2892 eirrers
1308 2829 1381 2909 fios
1394 2849 1436 2893 aa
1451 2828 1615 2893 Heautolrer
1635 2834 1693 2913 fiir

485 2932 533 2992 22
554 2928 654 2991 alfara
676 2928 896 2993 bierrrlulsebeu
918 2928 1041 2993 Sr'lhers.

463 3044 501 3109 lu
524 3045 650 3109 nomine
671 3049 780 3110 sancte
804 3052 834 3109 et
856 3044 1022 3109 individue
1043 3042 1197 3108 trinitatis
1217 3062 1319 3107 amen.
1361 3041 1412 3106 Ne
1432 3062 1472 3106 ea
1485 3064 1545 3127 que
1556 3050 1693 3125 agrrmm

384 3132 415 3196 in
443 3140 595 3215 ternpore,
616 3134 708 3198 simul
731 3154 801 3197 eum
827 3134 918 3218 lapsu
940 3134 1090 3216 temporis
1110 3132 1231 3216 pariter
1252 3139 1459 3211 evanescant,
1487 3133 1631 3216 expedit,
1658 3141 1692 3197 ut

386 3222 609 3306 seripturarum
640 3224 813 3288 munimine
843 3234 875 3287 et
906 3223 1113 3306 inscriptione
1146 3222 1273 3286 testium
1301 3220 1473 3285 etiieaeiter
1499 3222 1692 3287 roborentur.

387 3310 465 3376 Hine
485 3318 534 3377 est
554 3312 638 3393 quod
661 3332 718 3377 nos
729 3312 943 3377 Theodericus
964 3319 995 3376 et
1007 3312 1162 3375 Henrieus
1183 3312 1296 3374 fratres
1307 3308 1384 3373 dieti
1400 3308 1440 3372 de
1452 3310 1536 3373 Beeh
1549 3310 1645 3391 fagiel
1658 3312 1691 3389 (l)

386 3402 700 3482 recongnossimusll)
731 3401 928 3485 pubplieell)
960 3399 1161 3484 profitentes,
1188 3398 1271 3482 quod
1298 3398 1398 3462 libere
1424 3405 1455 3462 et
1481 3399 1624 3463 absolute
1651 3400 1692 3463 de

386 3490 526 3554 unanimi
553 3510 706 3554 consensu
734 3498 765 3554 et
792 3490 955 3554 voluntate
986 3490 1125 3553 omnium
1153 3486 1305 3553 heredum
1330 3494 1506 3551 nostrorum
1533 3488 1693 3571 religiosis

387 3577 460 3641 viris
493 3577 591 3661 priori
622 3579 742 3659 totique
771 3578 930 3643 eonfentui
949 3580 984 3657 (l)
1017 3578 1146 3642 fratrum
1179 3574 1400 3641 heremitarum
1435 3576 1556 3642 ordinis
1590 3578 1693 3642 saneti

388 3666 555 3747 Augustini
584 3666 617 3730 in
643 3667 738 3731 Portu
764 3666 833 3732 Celi
863 3667 1064 3733 vendidimus
1096 3685 1192 3729 unum
1216 3684 1360 3729 mansum
1389 3665 1483 3729 situm
1510 3666 1543 3729 iu
1570 3668 1692 3749 eaurpis

389 3752 554 3819 Hadehere
576 3775 644 3820 auro
667 3774 731 3820 una
753 3758 841 3820 ouria
864 3757 894 3820 in
919 3757 1030 3820 eadem
1052 3756 1131 3819 villa
1151 3754 1214 3819 sita
1235 3773 1292 3835 pro
1313 3752 1428 3834 viginti
1442 3753 1565 3819 duabus
1578 3758 1693 3819 mareis

388 3841 627 3924 Steudalgensis
655 3845 793 3927 argenti,
827 3864 866 3909 ex
898 3866 980 3909 nuno
1008 3844 1208 3927 presentibus
1235 3843 1476 3908 renunoeiantes
1507 3845 1692 3928 proprietati

389 3942 419 3993 et
439 3932 501 3994 iuri
523 3952 562 3995 ao
583 3935 783 4016 possessione
804 3937 969 4015 nostrall),
990 3934 1089 3998 libere
1110 3938 1142 3996 et
1162 3931 1306 3995 absolute
1323 3934 1547 3997 transferentes
1568 3936 1599 3996 iu
1624 3954 1694 4017 pro·

389 4021 568 4101 prietatem,
590 4023 837 4105 possessionem,
865 4024 915 4087 ius
941 4032 971 4088 et
999 4028 1191 4107 potestatem
1212 4020 1342 4084 fratrum
1369 4028 1401 4083 et
1425 4028 1598 4085 conventus
1623 4042 1692 4104 pre-

388 4107 539 4174 dietorum
565 4130 604 4175 ea
625 4112 788 4191 libertate,
816 4112 1001 4177 eondieione
1024 4118 1056 4178 et
1081 4110 1192 4192 modo,
1216 4127 1278 4190 quo
1305 4127 1363 4173 nos
1388 4109 1587 4193 possedimus
1611 4110 1693 4175 bona

389 4206 559 4265 memorata
580 4201 762 4266 iustotitulu
787 4201 980 4284 temporibus
1002 4199 1175 4266 retroactis.
1218 4198 1244 4261 l?
1249 4204 1261 4258 t
1282 4204 1388 4262 autem
1409 4198 1467 4263 heo
1487 4205 1596 4265 nostra
1619 4218 1692 4262 ven-

389 4286 469 4353 diaio
485 4308 542 4353 seu
564 4289 713 4355 bonorum
735 4291 906 4356 translacio
927 4292 1102 4374 legitimum
1125 4287 1220 4352 robur
1232 4288 1375 4369 optineat
1394 4288 1566 4369 firmitatis,
1587 4296 1695 4353 nostra

389 4374 507 4459 sigilla,
536 4378 685 4445 videlieet
705 4379 894 4445 Theoderici
923 4390 953 4445 et
980 4379 1108 4445 Heariei
1136 4377 1177 4441 de
1205 4376 1290 4440 Reeh
1319 4379 1518 4460 presentibus
1546 4378 1693 4441 dussimus

391 4466 608 4547 reponendae).
