4459 5167
528 328 582 384 256
781 324 1067 381 Listemienscrinncn·
1085 322 1302 394 (Heffigmblut)
1322 324 1430 379 Kloster
1438 322 1582 380 Wsterler.

529 476 785 559 recognoscimus
805 482 914 541 tcnme
934 476 1128 559 presentium
1159 473 1286 560 publice
1315 480 1541 558 protestantes,
1569 472 1654 555 quod
1672 470 1852 538 Bartoldns

530 567 572 633 de
591 566 725 631 Scowen
743 564 834 630 fratri
854 584 912 629 suo
932 564 1084 630 Bartoldo
1104 566 1191 629 dicto
1212 563 1384 630 Gralborst
1409 562 1542 628 contulit
1567 580 1673 627 coram
1695 562 1792 627 nobis
1816 562 1853 626 in

530 674 609 722 vcra
632 652 791 719 firmitatis
823 654 972 718 amicicia
1001 652 1169 719 dimidium
1203 673 1349 719 mansum
1382 652 1416 715 in
1444 650 1612 715 Lindedhe
1648 650 1745 715 sitnm
1774 668 1854 715 cunr

530 746 616 809 omni
637 742 848 828 proprietate,
875 749 910 806 ut
928 741 1032 826 ipsum
1053 748 1199 808 tenuerat
1218 749 1250 807 et
1279 742 1386 824 quiete
1414 740 1616 825 possederat,
1642 746 1739 823 atque
1766 740 1853 805 iurc.

531 834 645 900 Verum
676 831 823 897 dominus
850 830 979 912 Daniel,
1007 832 1164 916 plebanus
1196 832 1227 896 in
1258 830 1442 901 slanstede,
1470 830 1672 895 medietatem
1700 829 1852 896 eiusdem

529 922 657 989 dimidii
684 921 787 985 mansi
818 940 840 986 a
872 922 995 1005 prefato
1027 921 1178 987 Bartoldo
1209 922 1294 986 dicto
1331 921 1502 985 Grufborst
1536 919 1706 1003 emptionis
1741 918 1852 1002 tytulo

530 1009 734 1095 comparavit.
765 1009 904 1092 Uterque
917 1028 993 1075 vero
1013 1011 1069 1094 pia
1084 1020 1187 1077 motus
1199 1011 1362 1077 voluntate
1384 1009 1530 1074 similiter
1550 1016 1582 1073 et
1596 1011 1694 1073 semel
1706 1009 1852 1073 cundem

529 1099 697 1166 dimidium
718 1116 862 1163 mansum
883 1116 955 1163 cnm
975 1098 1062 1164 omni
1082 1098 1151 1164 iure
1185 1104 1217 1164 et
1252 1098 1447 1183 proprietate
1478 1103 1510 1163 et
1536 1096 1682 1161 libertate
1708 1098 1852 1163 ecclesie

530 1185 820 1256 sanctimonialium
841 1188 874 1251 in
896 1186 1068 1253 Waterlere
1089 1193 1218 1273 propter
1238 1186 1331 1253 deum
1353 1192 1386 1252 et
1410 1185 1443 1249 in
1469 1186 1687 1251 remissionem
1715 1206 1851 1251 suorum

530 1280 748 1366 peccaminum
776 1277 976 1342 contulerunt
1005 1276 1063 1340 tali
1091 1278 1196 1342 eniml
1229 1276 1424 1357 conditione,
1454 1274 1538 1357 qnod
1567 1274 1629 1339 due
1655 1276 1715 1340 deo
1736 1275 1851 1341 dicate

531 1370 672 1453 virgines
698 1368 732 1433 in
758 1366 901 1450 predicto
933 1367 1069 1449 collegio
1101 1366 1392 1433 sanctimonialium
1426 1370 1670 1446 commorantes,
1697 1364 1851 1431 Iohanna

529 1458 680 1525 videlicet
706 1456 748 1523 de
775 1457 965 1540 Vogelstorp
995 1462 1028 1521 et
1052 1456 1215 1522 Bertradis
1244 1456 1284 1521 de
1316 1454 1502 1534 Slanstede,
1533 1454 1688 1538 sepedicti
1715 1453 1849 1519 dimidii

529 1546 632 1613 mansi
654 1546 797 1630 plenarie
818 1564 893 1610 usus
918 1545 1040 1609 tollant.
1083 1544 1156 1610 Una
1182 1546 1285 1611 eciam
1311 1545 1451 1628 ipsarum
1478 1542 1605 1608 volente
1633 1542 1762 1608 domino
1791 1543 1851 1608 de-

530 1638 647 1718 functa,
668 1635 771 1699 altera
788 1634 1004 1700 indifferenter
1024 1635 1135 1718 capiat
1157 1654 1231 1700 usus
1246 1633 1440 1719 temporibus
1454 1650 1510 1697 sue
1523 1632 1598 1697 vite.
1639 1632 1718 1697 Cum
1735 1638 1850 1699 autem

532 1734 664 1809 utraque
693 1725 736 1789 ab
763 1723 824 1789 bac
844 1724 912 1790 vita
937 1722 1141 1805 descesserit,
1167 1725 1238 1808 ipse
1266 1722 1418 1790 dimidius
1444 1741 1575 1787 mansus
1599 1740 1670 1785 cum
1696 1722 1850 1786 omnibus

529 1814 641 1881 usibus
662 1814 729 1879 suis
749 1813 884 1879 transiet
903 1813 946 1877 ad
967 1814 1137 1878 utilitatem
1157 1812 1446 1879 sanctimonialium
1475 1810 1698 1895 predictarum.
1739 1810 1782 1875 Et
1805 1830 1850 1877 ne

531 1905 605 1969 buic
624 1903 816 1968 ordinationi
838 1903 870 1967 in
893 1908 1052 1986 posterum
1066 1903 1175 1985 aliqua
1187 1904 1288 1986 possit
1300 1901 1483 1985 calumpnia
1495 1899 1640 1979 suboriri,
1664 1907 1850 1983 presentem

530 1994 669 2059 litteram
691 1992 766 2058 inde
787 1992 962 2057 consectam
983 1991 1081 2073 sigilli
1103 1992 1201 2057 nostri
1224 1989 1396 2055 munimine
1408 1990 1541 2053 fecimus
1555 1988 1705 2054 roborari.
1729 1989 1849 2054 Testes

531 2082 624 2148 huius
644 2082 691 2146 rei
712 2075 800 2146 scint:
822 2080 969 2145 dominus
977 2080 1136 2144 Iohannes
1147 2078 1282 2163 dapifer,
1303 2078 1459 2142 lohannes
1472 2075 1513 2140 de
1525 2076 1676 2157 lerkscm,
1691 2076 1849 2145 Ludoll'us

530 2174 571 2238 de
592 2168 796 2250 Wllerstede,
818 2168 950 2249 milites,
976 2169 1053 2233 item
1073 2168 1222 2231 Albertus
1242 2166 1428 2251 Speculum,
1455 2162 1606 2229 Ludolfus
1626 2164 1666 2229 de
1688 2163 1847 2251 lerksym,

531 2264 637 2327 Bruno
657 2260 699 2326 de
718 2258 870 2329 Gustede,
894 2264 927 2322 et
947 2257 1053 2343 plures
1073 2256 1131 2322 alii
1152 2256 1315 2338 fidedigni.

613 2350 731 2415 Datum
756 2347 942 2430 Slanstede,
972 2349 1006 2413 in
1037 2346 1092 2413 die
1122 2346 1216 2430 Syrti
1244 2366 1328 2429 pape
1357 2350 1389 2410 et
1420 2342 1575 2425 martiris,
1607 2363 1691 2410 anno
1722 2344 1848 2409 domini

532 2440 673 2507 M⁰CCC⁰
692 2438 839 2523 septimo.

602 2554 687 2624 aaa
703 2554 780 2609 aare
796 2553 871 2609 meo
887 2552 1050 2608 arrasam

604 2644 632 2713 1)
652 2650 687 2697 a.

1066 2714 1317 2724 Ἣ

533 2764 651 2849 1309.
678 2762 806 2868 Apull
823 2762 889 2849 26.
1773 2759 1844 2843 49.

633 2900 792 2977 Αῶνεᾶιί,
821 2899 960 2981 Brbcbot'
980 2919 1040 2963 oon
1059 2897 1279 2972 Halbersludl‚
1306 2897 1447 2977 bestdtipl
1473 2897 1525 2961 die
1545 2916 1604 2960 cort
1624 2894 1761 2961 Korzrud
1783 2915 1846 2959 oon

635 2999 696 3063 deu
717 2997 827 3063 Roden
851 3002 946 3061 actor
963 2996 1125 3064 Vorbelrolt
1148 2994 1417 3075 bboaldcplicbcr
1433 2993 1587 3074 Nutaurrp
1613 2994 1670 3073 fiir
1688 2992 1754 3055 sr'clr
1774 2993 1847 3056 anot

632 3097 717 3161 sedite
740 3096 866 3160 Yoclrter
888 3096 959 3159 cad
983 3093 1039 3159 der
1066 3094 1285 3174 Bestimmuap
1311 3094 1386 3157 tiber
1413 3094 1463 3156 elie
1488 3095 1609 3172 spuere
1626 3090 1846 3171 Vcrwendomy

632 3194 812 3275 pescbeltene
832 3192 1018 3273 Mecium
1036 3212 1096 3255 oon
1114 3190 1190 3256 awai
1210 3190 1322 3272 Hersen
1342 3191 1378 3253 irc
1398 3188 1585 3254 Rmcslebcr.

613 3328 849 3409 Nosrllbertus
870 3325 922 3391 dei
942 3323 1339 3409 gratiaHalberstadensis
1360 3322 1494 3389 ecclesie
1509 3323 1678 3407 episcopus
1691 3320 1845 3405 presenti-

533 3417 592 3483 bus
615 3417 867 3500 recognoscimus
888 3414 1016 3500 publice
1036 3419 1264 3500 protestantes,
1284 3412 1368 3495 quod
1389 3412 1553 3477 Conradus
1574 3410 1678 3476 dictus
1699 3431 1761 3477 von
1780 3410 1843 3475 den

534 3507 666 3573 Rodben
693 3526 751 3589 pro
775 3505 915 3571 remedio
942 3505 1048 3569 anime
1075 3522 1132 3567 sue
1157 3522 1196 3567 ac
1227 3503 1334 3567 uxoris
1360 3522 1416 3567 sue
1445 3500 1533 3567 dedit
1561 3507 1593 3566 et
1619 3502 1845 3585 appropriatos

534 3596 732 3679 comparavit
752 3592 832 3658 duos
851 3612 978 3658 mansos
999 3593 1078 3657 sitos
1099 3592 1132 3657 in
1149 3610 1266 3675 ¹cumpo
1287 3590 1363 3656 ville
1377 3590 1563 3655 Romerleve
1584 3590 1717 3655 cenobio
1728 3589 1844 3654 sancti·

533 3684 717 3750 monialium
739 3684 772 3748 in
785 3682 959 3748 Waterlere
977 3682 1034 3747 tali
1057 3682 1166 3755 torma,
1188 3678 1271 3762 quod
1292 3685 1363 3762 post
1383 3678 1504 3743 obitum
1526 3678 1687 3759 utriusque
1709 3676 1844 3742 filiasue

532 3772 683 3858 quamdiu
703 3772 821 3839 vixerit
841 3770 1092 3837 dimidietateml
1118 3773 1327 3852 proventuum
1354 3767 1394 3835 dc
1415 3768 1534 3833 mansis
1555 3766 1710 3851 percipiet
1729 3785 1844 3831 memo-

533 3864 620 3929 ratis.
662 3863 795 3946 Insuper
815 3860 1054 3945 dispensabitur
1078 3878 1099 3922 a
1120 3856 1296 3924 cameraria
1316 3855 1450 3937 ibidem,
1471 3856 1553 3920 sicut
1573 3855 1720 3921 voluntas
1741 3855 1844 3937 ipsius

534 3952 672 4037 Conradi
687 3952 720 4016 in
734 3950 808 4017 aliis
819 3949 934 4015 litteris
948 3949 991 4014 ab
1002 3950 1072 4031 ipso
1087 3948 1223 4012 claustro
1243 3946 1305 4010 sibi
1322 3945 1408 4010 datis
1422 3946 1602 4028 expressius
1617 3944 1788 4010 manifesta
1797 3945 1842 4025 (l).

533 4039 601 4107 Nos
631 4042 728 4123 igitur
755 4038 943 4104 auctoritate
971 4042 1080 4101 nostra
1105 4053 1169 4118 qua
1190 4034 1350 4115 fungimur
1372 4032 1552 4097 huiusmodi
1573 4031 1783 4099 donacionem
1806 4052 1845 4097 ac

533 4130 725 4196 voluntatem
747 4128 949 4213 presentibus
976 4126 1009 4190 in
1034 4125 1162 4189 domino
1190 4122 1425 4198 confirmamus,
1453 4120 1658 4206 prohibentes
1680 4122 1738 4187 sub
1766 4142 1843 4188 sna-

534 4220 683 4285 thematis
710 4218 974 4297 conrminaeione,
1001 4234 1042 4279 ne
1068 4216 1155 4298 ipsas
1182 4212 1297 4295 aliquis
1321 4211 1547 4295 prepositorum
1569 4230 1624 4275 seu
1646 4212 1843 4295 provisorum

533 4316 695 4394 presumat
719 4310 752 4373 in
779 4315 938 4392 posterum
965 4303 1098 4369 irritare.
1140 4301 1191 4366 Ad
1213 4300 1423 4366 roborandum
1444 4320 1519 4367 vero
1541 4320 1671 4384 presens
1692 4303 1843 4383 scriptum

533 4399 673 4479 sigillum
694 4404 834 4463 nostrum
855 4393 1067 4478 appendimur
1081 4390 1254 4457 evidenter.
1287 4390 1400 4455 Testes
1415 4388 1509 4453 buius
1526 4389 1572 4454 rei
1588 4398 1676 4455 sunt:
1698 4389 1844 4455 dominus

532 4486 742 4569 Burcbardus,
762 4492 869 4550 nostre
890 4483 1025 4548 ecclesie
1046 4480 1235 4563 prepositus,
1256 4479 1402 4545 dominus
1418 4478 1576 4544 Iohannes
1596 4478 1637 4545 dc
1653 4479 1844 4563 Dreynleve,
