4459 5167
514 311 565 365 140
679 343 687 349 ·
824 310 989 377 Augrrstiucr
1008 309 1259 362 Einsierllcrkloster
1280 306 1506 374 llimmelpicrlcn.

511 459 655 525 sentibus
682 477 776 539 quam
802 457 915 521 futuris
940 464 1028 540 geste
1055 459 1100 521 rei
1123 456 1271 520 noticiam
1293 475 1362 520 cum
1394 456 1460 536 iugi
1483 453 1634 518 memoria
1659 451 1818 536 surhscrip-

511 557 622 613 torum.
664 547 714 611 Ne
739 548 837 628 igitur
862 549 980 612 oblivio
1005 567 1142 613 noverca
1164 547 1313 610 memorie
1339 553 1498 627 gestorum
1527 545 1559 607 in
1587 551 1728 626 tempore
1762 561 1819 623 per

512 644 687 720 temporum
705 637 874 701 intervalla
899 638 1030 702 inducat
1050 657 1200 716 errorem,
1229 643 1260 701 et
1286 656 1325 700 ca
1352 655 1412 716 que
1439 641 1514 698 nota
1541 642 1614 698 sunt
1639 631 1819 696 hominibus

513 746 569 810 per
600 727 750 807 temporis
782 726 1011 791 volubilitatem
1040 727 1081 792 ab
1114 726 1274 790 hominum
1307 725 1425 788 noticia
1455 725 1547 788 simul
1578 743 1647 787 curn
1678 729 1818 804 tempore

512 815 639 898 penitus
661 811 854 897 dilabentut,
881 815 932 879 lex
954 815 1086 880 mandat
1105 817 1233 880 testium
1255 816 1370 878 virtute
1391 821 1421 878 et
1443 814 1616 877 litterarum
1639 810 1818 876 testimonio

513 909 628 968 cuncta
659 902 859 986 perheunari.
910 905 1087 988 llaproptcr
1118 911 1221 969 vestre
1252 904 1450 968 universitati
1482 910 1588 968 tenore
1619 900 1817 985 presencium

512 992 639 1076 publice
669 999 898 1076 protestamur,
932 995 1162 1059 Theodericum
1194 1001 1225 1057 et
1251 993 1424 1057 Walterum
1459 991 1561 1056 dictos
1596 989 1636 1053 de
1670 991 1747 1053 Lere
1776 988 1818 1053 ad

512 1087 652 1145 nostram
679 1083 874 1162 presenciam
896 1083 1035 1160 venisse,
1062 1082 1116 1163 qui
1140 1081 1282 1164 pluribus
1312 1080 1372 1144 lide
1396 1080 1503 1162 dignis
1529 1079 1728 1162 presentibus
1755 1085 1818 1142 tres

512 1189 639 1236 mansos
660 1172 738 1236 sitos
758 1172 847 1236 iuxta
868 1186 1004 1236 montem
1020 1171 1181 1252 vulgariter
1201 1170 1319 1233 dictum
1333 1169 1550 1234 Cattenklinth
1571 1187 1640 1232 oum
1659 1168 1818 1248 aliquibus

512 1261 689 1342 iugeriburr,
719 1261 820 1344 pratis
844 1269 875 1326 et
895 1263 1022 1345 pascuis
1048 1261 1089 1323 ad
1109 1279 1163 1323 eos
1185 1260 1416 1342 pertinentibus
1442 1279 1512 1322 curn
1540 1259 1626 1323 omni
1654 1257 1717 1321 alio
1741 1257 1818 1336 iure,

512 1352 594 1414 sicut
611 1350 673 1433 ipsi
690 1349 911 1433 aprerdilecto
927 1357 1017 1433 patre
1033 1355 1141 1412 nostro
1158 1349 1273 1412 comite
1288 1345 1433 1412 Conrado
1448 1347 1500 1431 pie
1524 1346 1675 1410 memorie
1696 1346 1821 1409 l'uemnt

513 1438 682 1515 infeudati,
712 1438 804 1502 nobis
824 1439 1001 1501 voluntarie
1021 1437 1264 1517 resignaverunt
1289 1455 1414 1500 suorum
1436 1435 1584 1500 heredum
1611 1435 1753 1498 unanimi
1779 1434 1819 1498 de

512 1546 676 1592 consensu.
719 1527 785 1591 Nos
806 1547 881 1592 vero
901 1527 1062 1610 predictos
1075 1545 1202 1590 mansos
1219 1545 1290 1589 cum
1301 1526 1446 1590 omnibus
1459 1525 1500 1588 ad
1516 1543 1570 1588 eos
1588 1523 1819 1606 pertinentibus

512 1617 607 1700 pleno
637 1616 705 1679 iure
731 1624 762 1678 et
788 1616 969 1680 omnimoda
991 1617 1182 1699 proprietate
1206 1616 1360 1680 habentes
1388 1616 1508 1697 absque
1535 1614 1601 1679 ulla
1627 1614 1819 1696 inpeticioue

514 1705 648 1787 speciali
668 1705 788 1787 pietate
810 1707 886 1767 moti
906 1707 1047 1788 ..priori
1071 1712 1103 1769 et
1124 1706 1291 1769 conventui
1308 1705 1438 1768 fratrum
1456 1705 1679 1769 heremitarum
1699 1702 1819 1767 ordinis

513 1794 614 1858 sancti
638 1794 807 1874 Augustini
828 1795 861 1857 in
882 1794 977 1857 Porta
998 1794 1066 1859 Celi
1090 1797 1179 1858 iuxta
1203 1794 1465 1876 Wernigberode,
1486 1801 1625 1858 nostram
1648 1792 1819 1866 civitatem,

513 1881 726 1947 residentibus
760 1902 830 1946 cum
863 1883 946 1946 omni
976 1883 1043 1948 iuro
1079 1890 1110 1948 et
1142 1883 1334 1967 proprietate
1362 1890 1393 1948 et
1424 1884 1583 1947 usufmctu
1616 1889 1646 1945 et
1680 1879 1819 1944 dominio
1864 1887 1868 1894 '

513 1970 693 2055 sepedictus
713 1978 777 2034 tres
795 1991 923 2035 mansos
944 1979 976 2036 et
994 1972 1106 2053 iugera
1127 1980 1159 2036 et
1181 1979 1273 2054 prate
1294 1993 1364 2037 cum
1383 1972 1529 2036 omuibus
1546 1972 1619 2035 aliis
1636 1969 1677 2035 ad
1692 1969 1820 2034 eosdem

513 2078 641 2124 mansos
662 2059 866 2142 pertinenciis
887 2061 920 2123 in
941 2063 1078 2142 campis,
1104 2061 1232 2142 pascuis
1254 2067 1286 2124 et
1303 2061 1336 2125 iu
1356 2063 1458 2144 pratis
1479 2060 1590 2126 damus
1614 2067 1646 2124 et
1666 2057 1820 2122 donamus

450 2185 457 2196 ·
514 2149 583 2228 ius,
605 2149 845 2231 proprietatem,
874 2149 1103 2231 possessionem
1126 2156 1158 2213 et
1174 2147 1362 2231 dominium,
1391 2159 1423 2214 et
1447 2169 1632 2232 quecunque
1654 2147 1745 2212 nohis
1768 2153 1824 2210 aut

511 2238 627 2302 nostris
645 2237 815 2302 heredibus
830 2238 945 2301 intuitu
963 2237 1118 2302 dictorum
1131 2258 1310 2303 mansorum
1328 2259 1381 2304 sen
1397 2240 1612 2322 spectancium
1636 2237 1677 2302 ad
1693 2236 1820 2301 eosdem

517 2327 669 2392 deberent
700 2332 756 2388 aut
787 2334 916 2409 possent
945 2328 978 2391 in
1006 2333 1166 2409 posterum
1197 2328 1380 2410 suffragari,
1409 2349 1467 2392 nos
1500 2336 1531 2392 et
1563 2328 1662 2392 nostri
1687 2325 1821 2391 heredes

515 2416 715 2497 resignamus
736 2423 767 2478 et
789 2416 1004 2480 transierimus
1026 2415 1067 2478 ad
1089 2416 1227 2498 priorem
1249 2424 1280 2480 et
1300 2418 1413 2481 fratres
1435 2417 1526 2480 Porte
1548 2417 1616 2482 Geli
1642 2414 1821 2498 sepedictos

516 2505 599 2569 iusto
635 2504 725 2570 titulo
760 2505 969 2587 possessionis
1000 2511 1031 2568 et
1067 2504 1253 2569 donacionis
1289 2507 1509 2588 inperpetuum
1544 2504 1752 2588 possidendos
1782 2525 1822 2568 ea

516 2593 678 2672 libertate,
699 2594 892 2676 proprietate
912 2599 944 2657 et
963 2593 1039 2656 iuris
1061 2594 1170 2674 modo,
1191 2613 1252 2673 quo
1273 2593 1322 2656 vel
1345 2613 1408 2674 qua
1429 2614 1449 2658 a
1471 2594 1564 2658 nobis
1586 2612 1654 2657 cum
1676 2593 1822 2658 omnibus

516 2683 705 2749 atteneuciis
726 2683 855 2767 pretatis
875 2683 956 2747 iusto
977 2683 1067 2746 titulo
1090 2689 1219 2767 possent
1243 2682 1409 2766 possideri.
1452 2685 1563 2752 Testes
1585 2701 1658 2746 vero
1684 2682 1821 2747 omnium

515 2771 625 2835 borum
646 2779 731 2835 sunt:
759 2771 966 2853 precordialis
987 2780 1119 2854 patruus
1139 2777 1246 2836 noster
1266 2773 1425 2836 Walterus
1441 2793 1560 2852 comes;
1589 2771 1709 2835 domini
1729 2772 1821 2836 Anno

516 2860 556 2924 de
570 2859 771 2941 Hartesrode,
791 2861 903 2924 Petrus
923 2860 964 2924 de
979 2859 1216 2926 Semmenstede
1239 2867 1270 2924 et
1282 2859 1496 2924 Theodericus
1510 2860 1549 2925 de
1564 2860 1821 2940 Bousither(odel

517 2956 550 3013 et
572 2949 734 3014 lohannes
762 2948 802 3012 de
824 2948 986 3029 Langhele
1013 2949 1145 3028 milites,
1177 2954 1208 3011 et
1230 2948 1428 3012 Hermaunus
1454 2954 1560 3014 noster
1586 2948 1735 3013 notarius.
1784 2949 1820 3011 ln

516 3056 647 3119 ortorum
666 3036 761 3100 robur
779 3035 920 3100 validum
940 3037 1079 3118 presenti
1102 3037 1205 3101 littere
1218 3036 1349 3118 dignum
1365 3044 1504 3101 nostrum
1523 3038 1663 3117 sigillum
1675 3037 1822 3102 duximus

516 3126 750 3209 apponendum.

593 3218 676 3280 Acta
696 3222 768 3281 sunt
789 3216 849 3279 hec
869 3235 953 3279 anno
975 3214 1331 3295 dominiltrooorxuo,
1353 3217 1385 3278 in
1408 3216 1461 3280 die
1482 3222 1660 3281 sauctorum
1682 3215 1769 3280 Petri
1790 3221 1822 3280 et

516 3305 605 3369 Pauli
629 3305 851 3388 apostolorum,
875 3306 906 3366 in
929 3302 1210 3384 Werningherode,
1233 3313 1341 3368 nostra
1362 3305 1500 3368 civitate.

593 3403 697 3457 Urscbr.
717 3403 755 3455 im
776 3403 872 3473 borra'pl.
891 3403 1058 3457 Srwnarcb.
1075 3419 1110 3455 eu
1120 3403 1211 3471 Mapd.
1249 3403 1309 3456 Dus
1324 3404 1407 3472 Sicpel
1425 3404 1460 3457 iet
1476 3405 1551 3458 nicht
1570 3405 1643 3458 ruebr
1660 3403 1823 3459 corlraudcu.

517 3593 626 3674 latr.
653 3593 749 3674 Juli
767 3593 829 3674 lt.
857 3594 1067 3692 uvignon.
1752 3598 1821 3679 60.

620 3709 719 3790 Popst
748 3711 884 3775 acuemus
912 3712 965 3775 VI.
998 3712 1109 3774 rrirurut
1137 3713 1196 3775 deu
1229 3712 1722 3792 Aroprrstincrciosicdlcr-Ordcu
1755 3717 1823 3777 rcrrd

618 3808 678 3870 alic
702 3809 787 3872 scine
810 3809 909 3873 (iiiior
935 3809 984 3872 uls
1004 3809 1193 3889 Eipmttluom
1219 3829 1278 3871 ooo
1304 3809 1334 3872 S.
1354 3808 1443 3872 Peter
1470 3831 1513 3872 uro
1539 3811 1608 3873 rcrrd
1633 3812 1742 3892 deficit
1767 3813 1824 3875 ibo

617 3927 676 3969 ron
689 3906 839 3986 jcplr'clrcr
861 3907 1129 3971 Gericbtsbarlccit.

598 4005 744 4068 Clemens
756 4006 934 4088 episcopus,
955 4024 1064 4069 servus
1082 4023 1241 4069 servorum
1258 4003 1321 4083 dci,
1342 4003 1467 4070 dilectis
1479 4004 1554 4069 liliis
1569 4005 1666 4089 priori
1679 4005 1822 4088 generali

518 4097 550 4156 ct
579 4093 653 4157 aliis
688 4093 845 4176 prioribus
877 4113 915 4157 ac
941 4093 1091 4157 fratribus
1117 4092 1237 4156 ordinis
1271 4093 1493 4157 heremitarum
1522 4095 1625 4158 sancti
1651 4093 1822 4176 Augustini

518 4182 651 4246 salutem
672 4190 704 4247 et
725 4184 930 4267 apostolicam
953 4183 1216 4247 benedictionem.
1256 4183 1307 4246 Ad
1334 4184 1451 4246 fructus
1477 4183 1602 4263 uberes,
1628 4205 1706 4265 qrros
1734 4202 1824 4247 sacer

518 4271 595 4334 ordo
622 4280 727 4336 vester
757 4273 789 4336 iu
816 4293 893 4354 agro
919 4273 1085 4337 militantis
1116 4272 1251 4336 ecclesie
1278 4271 1403 4336 celestis
1436 4273 1575 4354 agricole
1610 4273 1823 4355 disposicione

518 4361 680 4441 plantatus
700 4361 913 4427 indesinenter
921 4363 1076 4448 producit,
1099 4361 1348 4426 consideracioui
1371 4368 1476 4426 nostre
1492 4363 1592 4428 aciem
1605 4367 1823 4427 convertentes

517 4456 550 4514 et
572 4450 807 4516 considerantes
828 4458 956 4530 attente,
977 4453 1061 4535 quod
1084 4451 1294 4517 voluntariam
1316 4452 1470 4534 eligentes
1493 4472 1549 4535 pro
1561 4453 1677 4517 Christi
1698 4451 1823 4516 nomine
