4459 5167
539 328 591 383 254
793 327 1079 384 Cistercienserinnarr-
1095 325 1315 395 (Heiligenblut-)
1334 324 1594 383 KlosterWatarler.

542 479 717 559 abbatissa,
738 529 766 544 ..
787 479 941 563 priorissa
961 484 1108 561 totusque
1128 483 1301 543 conventus
1323 478 1509 543 ancillamm
1527 476 1645 543 Obristi
1666 473 1857 540 monasterii

543 569 575 632 in
599 567 794 649 Waterlere,
821 566 1052 651 cysterciensis
1072 566 1208 643 ordinis,
1238 573 1344 633 nostre
1365 568 1526 649 dyocesis,
1554 584 1575 631 a
1595 564 1673 629 viris
1692 564 1859 629 strennuis

541 655 689 721 Bertoldo
711 656 859 723 videlicet
879 665 913 722 et
931 656 1062 722 Alberto
1082 656 1233 723 fratribus
1254 655 1350 721 dietis
1370 657 1411 721 de
1433 656 1541 722 Gowis
1562 659 1696 739 quatuor
1721 670 1858 719 mansos

541 748 573 811 in
596 745 903 829 eampisWaterlere
925 746 1004 811 sitos
1025 752 1057 812 et
1077 764 1172 811 unam
1195 746 1313 811 curiam
1335 747 1368 810 in
1390 745 1500 811 eadem
1522 743 1609 824 villa,
1630 761 1709 827 quos
1720 742 1857 825 quidem

540 854 668 899 mausus
687 842 720 899 et
739 836 860 900 curiam
880 835 978 900 iidem
1000 836 1113 900 fratres
1134 836 1265 901 anobis
1293 856 1348 901 sou
1375 843 1481 900 nostra
1501 834 1638 900 ecelesia
1665 834 1697 896 in
1725 830 1858 915 pheodo

540 931 723 1005 tenuerant,
758 926 928 1008 emptionis
962 926 1053 990 titulo
1082 932 1336 1010 comparassent,
1367 944 1425 989 nos
1456 925 1551 990 tutius
1582 922 1681 989 nostri
1717 920 1857 1005 capituli

541 1014 693 1097 requisito
714 1019 746 1077 et
765 1013 877 1080 habito
897 1032 1061 1096 consensu,
1084 1015 1221 1098 receptis
1241 1015 1339 1079 etiam
1361 1014 1476 1098 viginti
1494 1015 1609 1078 mareis
1627 1012 1698 1097 puri
1714 1010 1856 1093 argenti,

541 1121 621 1185 quas
641 1100 824 1185 profitemur
848 1104 882 1168 iu
903 1122 979 1169 naus
1003 1108 1110 1170 nostre
1130 1103 1265 1170 ecclesie
1290 1106 1356 1169 fore
1377 1122 1501 1185 versas,
1529 1102 1650 1169 eisdem
1678 1100 1856 1181 abbatisse,

541 1191 707 1274 priorisse,
735 1193 906 1257 conventui
926 1211 980 1258 seu
1001 1194 1194 1259 monasterio
1219 1192 1430 1277 predictorum
1455 1198 1589 1275 quatuor
1614 1208 1795 1255 mansorum
1824 1196 1857 1252 et

541 1283 642 1365 ipsius
663 1280 748 1344 curie
768 1283 993 1365 proprietatem
1014 1283 1217 1347 attribuimus
1245 1290 1275 1348 et
1303 1281 1508 1362 donavimus,
1537 1281 1633 1345 immo
1653 1286 1684 1345 et
1705 1298 1744 1343 ex
1767 1297 1856 1341 nune

541 1370 784 1455 appropriamus
793 1372 992 1455 presentibus
1006 1378 1037 1437 et
1045 1370 1210 1454 donamus,
1230 1374 1455 1439 transferentes
1466 1373 1498 1436 in
1510 1374 1614 1455 ipsum
1624 1367 1855 1435 monasterium

540 1462 766 1545 proprietatem
788 1459 922 1524 eandem
943 1479 1013 1524 cum
1035 1460 1180 1525 omnibus
1201 1461 1268 1525 suis
1287 1460 1409 1526 iuribus
1431 1480 1469 1526 ae
1495 1457 1674 1525 attinentiis
1703 1456 1745 1520 ab
1771 1456 1855 1539 ipsis

541 1548 720 1629 abbatissa,
742 1547 894 1631 priorissa
914 1554 946 1613 et
966 1553 1123 1613 conventu
1145 1548 1230 1613 omui
1254 1556 1375 1614 remota
1402 1548 1650 1614 contradictione
1677 1546 1856 1612 liberaliter

541 1646 694 1723 perpetuo
716 1634 951 1722 possidendam,
972 1638 1195 1702 renunciantes
1216 1636 1439 1703 nichilominus
1459 1656 1609 1721 expresse
1627 1635 1714 1701 omni
1730 1633 1854 1698 actioni

541 1735 574 1794 ct
594 1727 670 1804 iuri,
692 1727 719 1792 si
741 1744 802 1807 que
822 1730 854 1789 et
875 1723 952 1807 quid
973 1724 1080 1807 nobis,
1100 1732 1206 1790 nostre
1230 1726 1364 1790 ecclesie
1386 1744 1441 1789 seu
1460 1726 1600 1809 capitulo
1620 1725 1654 1788 in
1677 1723 1854 1807 sepedictis

541 1816 662 1882 mansis
680 1821 713 1880 et
734 1814 823 1879 curia
842 1818 951 1896 posset
970 1812 1063 1878 modo
1083 1832 1271 1897 quocunque
1290 1820 1469 1898 competere
1493 1814 1526 1878 iu
1551 1814 1695 1878 futurarm.
1737 1812 1855 1877 Testes

542 1907 635 1971 buius
657 1906 701 1971 rei
721 1912 806 1970 suut:
828 1902 1010 1968 Fridericus
1031 1904 1186 1985 decanus,
1207 1904 1365 1969 lobannes
1382 1904 1539 1989 portarius
1548 1899 1595 1985 (l),
1619 1902 1789 1967 Wernerus
1812 1901 1853 1965 de

542 1994 789 2069 Seberembelre,
812 1992 961 2057 Hinrieus
981 1993 1022 2058 de
1042 1993 1194 2073 Anebalt,
1216 1996 1395 2077 prepositus
1416 1993 1548 2058 ecclesie
1565 1992 1669 2057 saneti
1687 1990 1854 2072 Bonifatii,

542 2082 774 2151 Gbevebardus
785 2085 827 2147 de
841 2082 1100 2165 Wernigherode,
1121 2083 1271 2148 Hinrieus
1282 2084 1476 2163 scolasticus,
1484 2083 1633 2147 eradus
1649 2081 1690 2147 de
1701 2081 1853 2161 Hesnem,

541 2173 724 2239 Frideriens
749 2171 790 2237 de
810 2171 993 2253 Botensteu,
1016 2172 1173 2237 Iobaunes
1186 2171 1459 2255 (lotgbemalrede,
1479 2171 1648 2237 Bartoldus
1657 2170 1699 2237 de
1709 2171 1852 2237 Kranee

540 2265 621 2344 velt,
649 2263 820 2327 Wernerus
845 2260 886 2327 de
911 2261 1098 2342 Wanzlebe,
1124 2262 1330 2344 camerarius,
1357 2260 1558 2327 Bnrchardns
1584 2260 1625 2325 de
1644 2261 1854 2341 Valkensteu,

541 2352 743 2419 Burebardus
763 2350 803 2416 de
823 2350 1090 2433 Zegbenbergbe,
1116 2350 1317 2416 Burebardus
1338 2350 1379 2415 de
1399 2350 1601 2433 Moringben,
1629 2349 1782 2433 magister
1803 2349 1852 2413 Io-

541 2443 665 2508 baunes
673 2440 776 2515 Felix,
797 2440 1021 2520 thesaurarius,
1048 2438 1237 2505 Tbidericus
1259 2438 1299 2505 de
1321 2439 1506 2521 Vrekeleve,
1527 2439 1746 2523 Heydenricus
1756 2438 1851 2503 Aries

542 2540 575 2599 et
593 2531 743 2597 Albertus
765 2529 806 2594 de
818 2528 1044 2605 Tunderslcve‚
1065 2534 1172 2595 nostre
1192 2527 1326 2594 ecclesie
1340 2530 1496 2612 canonici,
1517 2528 1626 2594 etalii
1646 2525 1851 2611 quamplures

542 2620 651 2689 clerici
671 2626 704 2686 et
722 2619 798 2685 laici
817 2618 980 2703 fidedigni.
1022 2618 1064 2682 nt
1088 2625 1123 2683 ut
1149 2618 1328 2684 huiusmodi
1356 2618 1486 2684 donatio
1512 2624 1621 2683 nostra
1647 2614 1851 2681 rationabilis

541 2713 637 2778 robur
656 2709 800 2793 optineat
820 2714 972 2792 perpetue
992 2706 1159 2783 firmitatis,
1181 2714 1359 2790 presentem
1381 2708 1518 2772 litteram
1540 2706 1615 2773 iude
1637 2706 1851 2787 conscriptam

543 2801 641 2867 nostri
662 2806 694 2863 et
714 2798 847 2881 capituli
867 2798 967 2862 nostri
988 2796 1164 2878 sigillorum
1186 2795 1435 2879 appensionibus
1453 2796 1585 2860 fecimus
1608 2794 1800 2861 communiri.

622 2890 741 2953 Datum
762 2887 955 2968 Halberstat,
976 2905 1060 2951 anno
1080 2884 1421 2966 dominibl⁰COC⁰Vl⁰,
1441 2885 1524 2969 ydus
1546 2885 1627 2966 lulii,
1648 2882 1851 2968 pontificatus

541 2977 641 3045 nostri
662 2997 747 3042 anno
768 2977 869 3042 tertio.

618 3094 723 3149 Ursolis.
750 3094 800 3147 mit
824 3092 1015 3161 caesaream
1041 3090 1227 3161 btbcbdfla'cbea
1253 3090 1312 3145 marl
1341 3090 1400 3147 dem
1421 3091 1632 3162 processerim
1655 3094 1850 3161 scapoardpten

543 3165 627 3236 Siepel
644 3164 690 3219 des
706 3162 890 3231 Domcapitela
909 3162 967 3227 (der
984 3163 1099 3217 leniertde
1116 3162 1143 3217 S.
1164 3163 1285 3231 διερὴαπ
1302 3164 1351 3217 mit
1368 3162 1415 3217 der
1432 3164 1620 3232 Quintiae).

544 3322 656 3405 1307.
682 3319 802 3403 Mera
820 3320 855 3403 t.
1069 3304 1322 3317 μ*
1780 3319 1848 3404 lb.

644 3454 707 3519 Die
719 3455 880 3520 &medor
900 3475 959 3521 von
973 3454 1133 3522 Gowr‘sclre
1151 3459 1297 3537 ertfsuyen
1316 3453 1555 3521 ullmaAurmbi
1574 3458 1636 3539 auf
1653 3457 1719 3520 ofer
1737 3455 1849 3539 Hufen

641 3572 684 3619 tu
700 3551 852 3619 Waterler
864 3556 939 3619 stad
959 3554 1063 3619 dassen
1082 3556 1128 3618 cie
1147 3575 1188 3619 au
1212 3554 1357 3619 Gunstert
1377 3555 1431 3619 des
1451 3554 1592 3636 dordipea
1613 3554 1651 3618 K
1655 3554 1762 3618 losiem
1781 3554 1849 3617 clera

644 3651 776 3734 Biscbot
795 3673 854 3715 con
875 3652 1079 3717 Halbersfrulf
1098 3656 1175 3733 aute

622 3768 690 3834 Nos
713 3769 919 3851 Bartholdus,
940 3770 1090 3836 Albertus
1107 3775 1139 3833 et
1160 3768 1348 3852 Volgmarus
1367 3768 1478 3835 l'ratres
1499 3770 1624 3851 famuli,
1652 3768 1708 3833 dlii
1729 3766 1849 3833 domini

542 3858 717 3923 Hermanni
735 3858 845 3925 militis
866 3858 943 3924 dieti
965 3860 1005 3924 de
1027 3857 1212 3939 Gowisebe,
1239 3858 1384 3923 omuibus
1404 3878 1534 3943 presens
1554 3859 1704 3943 scriptum
1729 3858 1850 3922 intuen-

541 3950 628 4015 tibus
647 3948 792 4031 cupimus
812 3949 877 4014 fore
895 3955 1017 4030 notum,
1045 3946 1130 4029 quod
1155 3966 1212 4012 nos
1233 3948 1389 4013 communi
1411 3967 1565 4013 consensu
1586 3954 1618 4013 et
1638 3948 1722 4013 bona
1741 3946 1849 4011 volun-

542 4044 608 4102 tate
628 4039 767 4102 omniurn
789 4037 938 4103 heredum
960 4045 1135 4101 nostrorum
1156 4042 1189 4099 et
1209 4038 1364 4118 omnium,
1384 4056 1515 4120 quorum
1536 4054 1708 4103 cousensus
1727 4034 1769 4099 ad
1792 4034 1850 4099 boe

541 4127 582 4192 de
616 4128 683 4192 iure
716 4127 767 4192 vel
802 4126 843 4190 de
873 4124 1101 4190 consuetudine
1136 4124 1238 4189 fuerat
1268 4126 1489 4208 requirendus,
1521 4126 1699 4190 dimisimus
1731 4124 1851 4208 Sopbie

541 4216 704 4282 abbatisse
732 4225 764 4280 et
792 4213 961 4280 conventui
988 4214 1171 4278 monasterii
1199 4214 1231 4278 in
1256 4215 1430 4282 Waterlere
1458 4221 1592 4297 quatuor
1619 4233 1746 4279 mansos
1773 4214 1850 4279 situs

542 4306 575 4371 in
603 4305 725 4390 eampis
752 4304 828 4371 ville
856 4301 999 4367 eiusdem
1031 4321 1101 4366 cum
1127 4304 1272 4369 omnibus
1301 4304 1501 4387 pertiuentiis
1527 4309 1559 4368 et
1588 4303 1672 4383 iure,
1704 4322 1765 4385 quo
1794 4322 1850 4367 nos

542 4397 629 4480 ipsos
650 4392 828 4473 babuimus,
849 4396 1001 4475 perpetue
1023 4390 1122 4457 libere
1143 4399 1175 4455 et
1194 4392 1299 4474 quiete
1320 4399 1352 4457 et
1372 4391 1505 4476 pacifice
1525 4391 1745 4476 possidendos,
1765 4391 1850 4457 unde

541 4481 757 4551 renunciando
777 4481 863 4545 omni
877 4480 948 4562 iuri,
968 4482 1053 4561 quod
1068 4482 1101 4546 in
1112 4482 1208 4546 dictis
1222 4488 1357 4564 quatuor
1371 4482 1490 4548 mansis
1507 4482 1668 4562 bucusque
1683 4482 1851 4547 babuimus
