4459 5167
850 379 896 432 Nr.
915 380 982 431 47-
995 380 1030 432 tc
1048 396 1072 433 a
1093 378 1168 432 1302.
1629 382 1663 435 85

368 535 395 592 et
413 548 537 593 uxorem
556 546 646 591 suam
671 526 702 590 iu
725 528 956 608 possessiouem
978 528 1128 592 bonorum
1141 526 1361 609 predictomm.
1405 526 1447 591 lIt
1465 538 1570 593 autem
1592 530 1666 595 talis

368 619 488 682 donatio
510 638 531 682 a
555 616 639 681 nullo
662 616 872 700 calumpniari
894 618 1001 681 valeat
1021 614 1072 680 vel
1094 614 1235 697 infringi,
1263 621 1426 698 presentes
1453 615 1574 681 litteras
1596 638 1664 701 pre-

368 708 510 771 dictorum
540 707 735 770 dominorum
764 714 939 771 nostrorum
966 705 1109 789 episcopi
1145 712 1177 767 et
1201 704 1325 768 comitis
1352 723 1390 767 aa
1417 712 1522 769 nostro
1551 706 1666 789 sigillis

368 796 488 859 fecimus
509 795 657 859 roborari.
700 794 741 858 Et
760 816 819 859 nos
841 796 1054 873 Hemuaunus‚
1080 793 1132 859 dei
1161 794 1270 874 gracia
1294 792 1573 860 Halberstadensis
1601 798 1667 879 epi-

368 904 489 967 seopus,
511 884 714 947 donatiouem
735 884 946 966 predictorum
968 892 1103 964 quatuor
1124 902 1318 961 mansorum,
1344 882 1425 947 sicut
1447 884 1591 967 superius
1612 906 1666 949 ex-

368 992 499 1055 pressum
521 980 585 1050 est,
612 982 735 1053 gratam
757 981 789 1037 et
810 982 910 1038 ratam
933 973 1086 1037 babentes
1108 972 1147 1036 ad
1174 990 1283 1055 preces
1309 970 1519 1053 predictorum
1541 974 1667 1038 domine

369 1113 375 1126 .
395 1111 400 1119 .
419 1063 597 1142 abbatisse,
621 1063 770 1150 prepositi
792 1071 823 1127 et
843 1071 1015 1127 conventus
1037 1060 1176 1141 sigillum
1201 1068 1339 1125 nostrum
1358 1062 1557 1141 presentibus
1578 1061 1667 1127 duxi-

369 1171 429 1214 mus
449 1149 682 1234 apponendum.
725 1150 764 1214 Et
786 1171 844 1215 uos
862 1152 1011 1216 Hinricus
1039 1151 1092 1214 dci
1113 1150 1223 1231 gracia
1244 1168 1349 1213 eomes
1369 1150 1403 1213 in
1425 1149 1667 1215 ltlaukeuborcb

370 1240 396 1301 iu
419 1240 630 1304 testimouium
659 1240 870 1322 predictorum
892 1249 923 1304 et
946 1240 1047 1323 rogati
1077 1246 1240 1324 presentes
1271 1237 1393 1301 litteras
1425 1248 1530 1301 nostro
1563 1240 1668 1321 sigillo

370 1329 489 1393 lecimus
511 1328 706 1393 communiri.
748 1330 850 1393 Huius
862 1332 962 1394 eciam
975 1330 1021 1394 rei
1031 1336 1127 1393 testes
1138 1335 1224 1393 sunt:
1243 1326 1443 1392 honorabiles
1465 1328 1525 1391 viri
1549 1327 1666 1393 ‹loruini

370 1418 510 1482 uidelicet
539 1418 675 1482 Sit'ridns
701 1418 855 1499 decanus,
885 1418 1033 1483 llinrieus
1059 1418 1099 1482 de
1116 1416 1365 1495 Woldenbercb‚
1396 1416 1601 1483 Gberbaulus
1628 1420 1668 1483 de

370 1507 594 1585 ererenvorde,
616 1506 894 1572 Halberstadensis
916 1508 1048 1573 ecclesie
1070 1506 1230 1585 canonici;
1254 1505 1376 1570 nobiles
1394 1506 1454 1569 viri
1477 1526 1581 1573 comcs
1594 1508 1669 1571 llin-

369 1597 443 1659 ricus
469 1596 511 1659 de
532 1594 748 1677 Regbensten,
780 1616 884 1661 comes
905 1596 1054 1661 Hiuricus
1075 1594 1115 1660 de
1139 1594 1379 1659 Blankenborch
1407 1594 1524 1675 iunior,
1555 1606 1587 1661 et
1615 1598 1670 1661 alii

370 1685 567 1769 quamplures
587 1685 693 1751 clerici
715 1692 748 1750 et
768 1685 850 1766 layci
873 1684 935 1748 lide
957 1684 1057 1766 digni.

444 1777 559 1839 Actum
591 1782 623 1839 et
650 1774 758 1838 datum
787 1794 872 1839 anno
896 1773 1018 1839 domiui
1045 1772 1184 1839 M⁰CCC⁰
1211 1772 1364 1847 secundo,
1400 1774 1433 1837 in
1460 1775 1599 1839 crastino
1627 1775 1672 1837 in-

371 1864 523 1928 uentionis
547 1863 633 1928 beati
653 1863 805 1945 Stephani
829 1862 1098 1946 prothomartyris.

439 1989 595 2043 b'rccbr.W⁴
614 1988 663 2041 mit
686 1988 746 2041 dem
768 1988 828 2052 Tof.
844 1988 874 2053 V,
893 1988 946 2041 Nr.
966 1992 1001 2040 34
1022 1988 1198 2056 obpetn'ldeten
1216 1986 1299 2057 Siepel
1318 1988 1365 2041 der
1386 1989 1520 2042 Aelrtrbar'n
1536 1988 1594 2042 arod
1612 1988 1670 2043 dem

372 2058 624 2126 {reprenso-oeteo
644 2058 691 2111 Gr.
711 2058 856 2112 Heius-lobs
874 2076 923 2111 ron
942 2059 1136 2127 Bluukerdnrrp
1151 2058 1211 2127 (rpl.
1235 2058 1292 2125 lut.
1306 2058 1386 2120 ulli,
1406 2060 1458 2118 Μ’,
1478 2064 1532 2116 60.)

892 2246 1140 2254 —--——.

373 2374 479 2456 1302.
507 2374 746 2455 ltccember
761 2371 824 2454 22.
876 2370 1170 2453 liciter-stadt.
1604 2376 1672 2459 49.

466 2509 652 2583 Hormou,
677 2508 815 2588 Biscbof
835 2527 894 2569 con
929 2506 1146 2583 liodberstudb
1179 2506 1353 2587 libcreipnct
1379 2510 1447 2571 ciue
1475 2510 1569 2575 Celtic
1599 2512 1676 2575 belm
1779 2556 1783 2565 .

468 2605 818 2670 Francislconerlrlostcr
838 2603 984 2680 doselbst,
1013 2604 1120 2667 roelcbc
1139 2605 1206 2667 seio
1227 2604 1358 2668 Brccrlcr
1379 2606 1530 2671 Heiururdt
1553 2609 1673 2690 (Graj)

466 2724 528 2767 con
548 2702 776 2781 Btonltenburp
795 2722 854 2765 oon
879 2701 941 2763 ilum
960 2721 1002 2765 ru
1024 2701 1111 2764 ruso
1130 2706 1276 2781 petropmc
1297 2705 1366 2765 urcd
1387 2704 1443 2766 (ier
1464 2704 1565 2769 Rr'tter
1586 2707 1676 2771 Bete-

465 2821 567 2863 marm
593 2820 651 2862 oon
677 2798 872 2879 Hasselteldc
897 2798 1023 2877 tropa-re
1049 2797 1118 2861 Zeit
1148 2799 1283 2862 lrcuohnt
1307 2801 1381 2863 crud·
1407 2802 1588 2883 iucrepcluobt
1613 2805 1676 2882 lor,

467 2899 538 2961 dem
558 2896 661 2960 utitor
683 2896 856 2959 Burcbord
876 2914 934 2959 oon
958 2894 1076 2975 Burby.

449 3014 499 3077 Ne
525 3031 579 3091 ea,
605 3029 666 3093 que
692 3017 844 3094 perpetue
869 3010 982 3075 notitie
1009 3010 1126 3073 lumine
1152 3009 1268 3077 debent
1298 3012 1469 3079 clarescere
1495 3036 1533 3080 ac
1560 3016 1678 3099 vigere,

376 3102 435 3167 ulla
454 3102 626 3169 oblivionis
647 3100 784 3182 caligine
796 3098 1005 3177 obfuscentur,
1026 3098 1156 3183 expedit
1171 3109 1204 3163 ut
1219 3101 1345 3184 scriptis
1356 3103 1525 3168 autenticis
1537 3104 1680 3169 munian-

376 3200 428 3255 tur.
468 3190 549 3256 Inde
570 3198 627 3270 est,
649 3189 732 3271 quod
754 3210 810 3253 uos
832 3189 1031 3252 Hermannus
1052 3188 1105 3251 dei
1127 3190 1527 3269 graciaHalberstadeusis
1548 3193 1679 3257 ecclesie

376 3281 539 3365 episcopus
560 3287 667 3344 tenore
688 3279 881 3363 presentium
903 3278 1154 3359 recognoscimus
1182 3280 1307 3361 publice
1328 3286 1540 3363 protestantes
1560 3288 1591 3344 et
1614 3280 1680 3345 runi-

377 3372 480 3450 rersis‚
502 3388 633 3450 quorum
654 3368 783 3431 interest
804 3386 842 3431 ae
863 3367 977 3448 quibus
998 3386 1090 3430 nosse
1111 3367 1205 3431 fuerit
1226 3375 1421 3450 oportunum,
1449 3369 1592 3452 cupimus
1615 3370 1681 3433 lbre

376 3466 494 3535 uotum,
521 3457 606 3538 qrrod
626 3457 666 3521 de
687 3455 827 3519 unanimi
845 3474 1002 3527 ‚consensu
1024 3456 1123 3518 nostri
1146 3456 1277 3539 capituli
1297 3456 1429 3535 curiam,
1449 3475 1542 3537 quum
1564 3457 1681 3521 nobilis

378 3546 422 3608 vir
442 3544 712 3609 comesHenricns
728 3544 769 3610 de
782 3543 1040 3626 Blunlrenburgb,
1059 3546 1158 3608 irater
1179 3542 1436 3619 noster-dilectus,
1458 3544 1683 3611 tituloanobis

378 3636 473 3697 tenuit
491 3633 660 3716 pheodali‚
686 3634 780 3697 sitam
807 3632 894 3715 apud
913 3634 1026 3697 fratres
1046 3635 1182 3697 minores
1203 3634 1234 3695 in
1261 3633 1389 3698 civitate
1416 3640 1523 3698 nostra
1557 3641 1589 3699 et
1607 3636 1681 3699 olim

379 3742 398 3784 a
416 3730 564 3786 strennuo
586 3722 686 3785 milite
697 3723 892 3786 Betemanno
915 3721 955 3785 de
978 3722 1170 3787 Haslevelde
1190 3722 1399 3786 inhabitatam
1422 3724 1540 3788 diutius
1561 3734 1594 3789 et
1614 3745 1685 3809 pos-

381 3829 506 3892 cessam,
519 3811 618 3874 nobili
629 3812 697 3875 viro
709 3831 749 3875 ae
759 3809 997 3891 consanguineo
1004 3818 1110 3874 nostro
1123 3810 1239 3875 dilecto
1248 3809 1429 3874 Borcbardo
1440 3811 1480 3875 de
1488 3814 1685 3895 Bareboyge‚

379 3908 481 3981 utpote
508 3908 723 3983 comparatam
754 3920 809 3982 pro
844 3902 925 3963 iusto
947 3899 1054 3983 precio
1075 3899 1116 3963 ab
1139 3898 1259 3973 eodem,
1281 3898 1436 3963 donamus
1456 3900 1524 3965 iure
1546 3902 1685 3985 proprie·

380 3989 456 4053 tario
484 4008 541 4071 per
567 3994 737 4071 presentes.
785 3988 830 4051 Ut
857 3994 962 4051 autem
989 3986 1046 4051 bec
1073 3994 1180 4051 nostru
1208 3986 1344 4050 donacio
1373 4006 1393 4048 a
1421 3989 1513 4054 nobis
1543 3989 1684 4071 legitime

381 4075 461 4139 lacta
489 4075 580 4140 firma
607 4083 793 4160 permaneat
819 4096 858 4139 ac
887 4076 1001 4157 iugiter
1027 4076 1216 4153 inconuulsa,
1243 4082 1419 4155 presentem
1448 4078 1583 4143 litteram
1612 4079 1686 4143 inde

381 4166 550 4229 conlectam
571 4164 669 4247 sigilli
692 4167 788 4230 nostri
811 4165 985 4229 munimine
1006 4183 1076 4228 cum
1097 4164 1294 4247 appensione
1316 4164 1417 4244 sigilli
1438 4170 1568 4251 capituli
1590 4170 1686 4231 nostri

381 4254 553 4336 supradicti
564 4254 605 4317 ad
620 4262 773 4337 perpetue
785 4252 970 4317 stabilitatis
984 4252 1184 4317 evidenciam
1201 4252 1345 4316 dedimus
1356 4256 1564 4321 roboraturus
1588 4257 1688 4322 Huius

382 4344 455 4405 laeti
466 4353 562 4407 testes
571 4352 658 4407 sunt:
679 4343 860 4407 Guntberus
874 4344 1063 4425 prepositus,
1077 4342 1214 4405 Sit'ridns
1227 4342 1376 4421 decanus,
1393 4346 1483 4408 Anno
1495 4347 1689 4421 scolasticus,

384 4431 527 4496 Albertus
547 4434 726 4516 prepositus
749 4435 852 4497 sancti
875 4433 982 4511 Pauli,
1004 4431 1213 4494 Heidenricus
1236 4432 1467 4512 vicedominus,
1495 4435 1689 4498 Guucelinus

385 4523 559 4602 prepositus
572 4526 674 4585 sancti
687 4522 841 4587 Bonilaeii
877 4521 1026 4585 illuricus
1039 4520 1080 4582 de
1093 4519 1299 4601 Vallensten‚
1322 4520 1479 4583 Heurieirs
1496 4520 1691 4585 deWolden-

1449 4620 1484 4675 Β*
