4459 5167
535 342 585 398 146
839 342 1004 413 Augustiner
1021 342 1272 401 Eineiedlerklostcr
1290 342 1524 415 Himmolplortern

532 495 622 558 cuius
648 492 839 575 dignitatem
865 493 939 558 licet
968 492 1116 557 immeriti
1144 493 1298 575 gerimus,
1325 515 1382 559 vos
1409 495 1592 579 specialiter
1618 496 1841 581 amplectimur

532 582 671 647 brachiis
700 588 806 647 eterne
833 582 992 661 caritatis,
1022 602 1078 664 pro
1106 601 1144 647 eo
1172 589 1204 647 et
1231 602 1272 646 ex
1299 602 1351 659 eo,
1380 585 1463 665 qnod
1488 605 1546 650 vos
1573 584 1665 649 nobis
1691 604 1731 648 ac
1753 585 1840 649 clero

531 676 637 737 nostro
669 689 793 753 semper
820 671 1024 753 obsequiosos
1055 671 1206 736 exhibere
1240 673 1389 752 curastis,
1421 680 1596 738 annuentes
1624 675 1740 738 vestris
1774 672 1840 756 piis

530 759 698 827 desideriis
719 778 820 842 nuper
840 760 932 825 nobis
953 760 1124 843 porrectis,
1151 780 1260 825 omnes
1280 762 1401 843 gratias
1422 763 1595 845 apostolice
1616 762 1718 842 sedis,
1745 761 1840 827 liber-

530 858 621 931 tates,
643 849 814 935 privilegia
835 868 874 913 ac
896 850 1011 927 omnia,
1032 868 1094 929 que
1115 849 1174 914 sub
1189 849 1363 915 bullavera
1379 864 1411 915 et
1427 851 1841 917 inconvulsademonstrare

530 939 676 1026 potestis,
703 938 920 1020 indulgentias
940 957 1063 1019 quoque
1085 939 1228 1021 predicte
1249 938 1335 1004 sedis
1356 960 1395 1004 ac
1420 941 1519 1021 alias,
1549 959 1628 1023 quas
1654 960 1675 1003 a
1700 941 1841 1005 dominis

530 1028 778 1111 archiepiscopis
810 1035 843 1092 et
877 1027 1037 1111 episcopis
1068 1046 1126 1092 vos
1156 1027 1276 1092 habere
1306 1028 1400 1092 certis
1436 1048 1475 1093 ac
1506 1032 1591 1095 veris
1620 1030 1839 1093 instrumentis

528 1117 695 1183 ostendere
716 1115 879 1199 poteritis,
906 1116 1044 1197 gratiam
1072 1116 1201 1199 insuper
1223 1117 1450 1199 predicationis
1471 1125 1504 1182 et
1523 1117 1745 1198 confessionis,
1773 1136 1840 1199 qua

528 1206 646 1273 suffulti
667 1205 743 1269 estis
765 1206 925 1287 copiosius
946 1204 1126 1288 privilegiis
1146 1205 1357 1269 Romanorum
1377 1206 1558 1289 pontificum
1574 1207 1712 1288 benigno
1726 1207 1838 1271 favore

528 1292 699 1361 secundnm
715 1299 853 1357 tenorem
867 1292 1100 1358 constitutionis
1114 1294 1286 1358 Clementis
1303 1294 1479 1375 „Dndum“,
1500 1296 1715 1378 approbamus
1722 1302 1755 1361 et
1767 1316 1838 1379 pre·

529 1384 672 1451 sentibus
694 1380 920 1447 confirmamus.
963 1382 1078 1445 Verum
1105 1382 1181 1464 quia
1208 1384 1250 1445 ad
1277 1382 1495 1465 exequendum
1523 1384 1702 1450 huiusmodi
1730 1384 1838 1450 officia

528 1474 620 1541 nobis
652 1490 804 1556 personas
838 1491 894 1555 per
926 1470 1112 1536 diffinitores
1143 1480 1317 1537 vestrorum
1348 1473 1557 1557 capitulorum
1592 1475 1837 1558 provincialium

528 1560 735 1649 presentastis
755 1562 955 1627 examinatas
976 1567 1009 1624 et
1030 1560 1240 1644 approbatas,
1268 1568 1386 1625 certum
1412 1581 1576 1627 numerum
1600 1563 1735 1646 singulis
1762 1585 1838 1630 con·

526 1653 673 1720 ventibus
700 1650 906 1736 deputantes,
940 1668 997 1713 nos
1024 1650 1110 1732 ipsos
1143 1649 1257 1714 fratres
1290 1670 1347 1733 per
1380 1656 1480 1715 totam
1507 1658 1649 1716 nostram
1681 1653 1836 1737 dyocesin

526 1742 665 1824 benigno
688 1748 720 1804 et
741 1742 882 1821 gratioso
902 1740 1011 1802 favore
1031 1738 1231 1802 admittimus
1254 1737 1287 1802 in
1315 1740 1415 1803 nostri
1441 1756 1480 1802 ac
1504 1739 1581 1804 cleri
1608 1743 1708 1806 nostri
1729 1744 1837 1807 oneris

525 1831 740 1909 sublevamen,
762 1834 967 1913 acceptantes
988 1846 1045 1909 pro
1068 1834 1224 1891 conventu
1239 1827 1517 1892 Helmenstadensi
1535 1829 1632 1894 Xllll
1653 1831 1837 1897 sacerdotes

525 1918 567 1983 ad
595 1916 822 2002 predicandum
849 1922 881 1980 ct
908 1914 1123 1980 confessiones
1151 1915 1359 1999 audiendum,
1386 1936 1443 1999 pro
1469 1925 1626 1982 conventu
1650 1918 1744 1984 Porte
1765 1919 1836 1985 Geli

525 2008 603 2089 Xll,
630 2026 687 2090 pro
709 2011 863 2070 conventu
885 2003 1217 2085 Quedelingburgensi
1238 2005 1368 2069 totidem
1390 2012 1422 2070 et
1442 2005 1574 2071 totidem
1594 2026 1652 2090 pro
1677 2015 1835 2073 conventu

526 2100 559 2161 in
588 2094 827 2176 sangerhusen,
856 2100 919 2157 tres
946 2111 1021 2157 vero
1053 2094 1253 2157 terminarios
1284 2112 1355 2157 cum
1387 2095 1454 2158 suis
1482 2095 1577 2159 sociis
1605 2097 1646 2160 de
1676 2106 1836 2161 conventu

525 2183 793 2266 Magdcburgensi
812 2182 844 2245 in
866 2182 933 2246 suis
953 2182 1105 2262 terminis,
1132 2182 1263 2246 Stendal
1285 2183 1416 2263 scilicet,
1437 2183 1531 2248 Prato
1553 2192 1584 2248 et
1604 2184 1732 2265 Merica,
1755 2205 1835 2267 quos

526 2270 655 2356 quidem
675 2270 788 2335 fratres
808 2270 850 2333 ab
877 2270 1023 2335 omnibus
1049 2270 1197 2353 prelatis,
1225 2272 1438 2353 cuiuscunque
1462 2273 1659 2338 condicionis
1686 2274 1836 2356 existant,

527 2360 698 2427 abbatibus
723 2360 855 2439 scilicet,
881 2359 1049 2443 prioribus,
1075 2360 1255 2443 prepositis,
1283 2360 1423 2441 decanis,
1451 2360 1694 2446 archidyaconis
1721 2364 1834 2445 archy-

527 2448 722 2537 presbiteris,
743 2447 900 2531 plebanis,
920 2447 1139 2530 viceplebanis
1153 2449 1407 2532 capellarumque
1423 2450 1597 2515 rectoribus
1617 2470 1675 2534 per
1694 2448 1842 2516 nostram

525 2542 688 2606 civitatem
709 2544 742 2602 et
762 2538 913 2620 dyocesin
927 2537 1116 2617 constitutis,
1137 2539 1252 2619 quibus
1264 2548 1426 2621 presentes
1438 2539 1542 2603 littere
1553 2539 1694 2603 exhibite
1709 2539 1835 2620 fuerint,

526 2634 559 2696 in
585 2628 748 2712 premissis
769 2626 901 2707 actibus,
919 2633 998 2709 puta
1020 2626 1237 2708 contessionis,
1258 2628 1484 2710 predicationis
1504 2628 1595 2693 verbi
1616 2627 1678 2708 dei,
1699 2629 1731 2693 in
1753 2630 1834 2712 peti·

525 2719 664 2785 tionibus
684 2716 842 2781 consuetis
863 2714 1034 2780 secundum
1054 2722 1195 2781 tenorem
1218 2717 1451 2782 constitutionis
1471 2716 1644 2782 Clementis
1666 2715 1834 2797 „Dndum“

529 2810 597 2876 sine
630 2806 715 2870 omni
748 2804 996 2870 contradictione
1024 2803 1151 2868 admitti
1181 2811 1213 2868 et
1240 2807 1418 2888 promoveri
1450 2806 1601 2870 seriosius
1626 2806 1769 2869 volumus
1802 2812 1835 2870 et

528 2896 729 2974 mandamus,
762 2894 926 2977 presertim
955 2892 996 2957 de
1025 2894 1131 2975 gratia
1160 2894 1294 2977 speciali
1322 2894 1522 2960 addicientes
1548 2895 1595 2974 111,
1625 2900 1659 2958 ut
1687 2894 1835 2960 omnibus

527 2986 658 3070 gratiis,
683 2982 883 3047 libertatibus
903 2990 936 3047 ct
957 2982 1137 3065 privilegiis
1159 3002 1180 3046 a
1199 2982 1316 3047 nostris
1343 2982 1619 3066 predecessoribus
1646 2984 1738 3048 vobis
1760 3004 1833 3049 con-

529 3076 628 3141 cessis
649 3072 778 3156 possitis
798 3072 859 3153 uti,
885 3078 977 3154 prout
1001 3080 1132 3137 actenus
1158 3072 1377 3137 consuevistis.
1417 3073 1566 3137 Preterea
1590 3073 1737 3137 omnibus
1762 3075 1834 3138 loca

527 3171 634 3231 vestra
654 3180 751 3226 causa
772 3159 949 3225 devotionis
969 3161 1173 3226 visitantibus
1192 3180 1381 3242 manumque
1402 3160 1589 3226 adiutricem
1610 3162 1679 3226 sive
1700 3162 1733 3226 in
1754 3162 1833 3226 locis

527 3255 606 3337 ipsis
632 3252 701 3316 sive
727 3250 760 3312 iu
786 3250 930 3313 terminis
951 3250 1043 3314 vobis
1069 3251 1304 3333 porrigentibus
1330 3252 1513 3331 cunctisque
1540 3249 1789 3333 predicationem
1812 3270 1833 3314 a

527 3341 678 3407 iratribus
698 3358 719 3401 a
741 3337 832 3402 nobis
861 3337 1047 3420 approbatis
1073 3337 1275 3402 audientibus
1302 3337 1360 3401 XL
1385 3338 1454 3402 dies
1479 3338 1614 3419 singulis
1638 3338 1764 3405 vicibus
1792 3341 1832 3405 de

527 3432 670 3496 iniuncta
697 3427 759 3491 sibi
787 3425 963 3508 penitentia
984 3425 1262 3491 misericorditer
1254 3447 1286 3490 m
1313 3426 1440 3491 domino
1464 3427 1652 3493 relaxamus
1699 3430 1833 3532 Insuper

527 3516 706 3583 dicentibus
727 3513 789 3577 tria
803 3514 872 3577 Ave
883 3512 985 3577 Marta
1001 3511 1093 3578 flexis
1113 3514 1247 3595 genibus
1266 3514 1307 3579 ad
1330 3534 1439 3579 sonum
1462 3534 1625 3601 campane,
1646 3536 1708 3619 que
1725 3519 1832 3583 imme·

528 3607 615 3671 diate
637 3610 709 3687 post
729 3601 999 3684 completorium'
991 3622 1023 3665 ιιι
1046 3602 1114 3666 loco
1137 3602 1348 3704 predictorum
1368 3604 1431 3667 frat
1418 3610 1498 3667 trum
1526 3606 1611 3669 trina
1634 3606 1705 3670 vice
1726 3607 1834 3689 pulsa-

527 3694 627 3772 bitur,
648 3688 757 3757 confisi
779 3687 820 3753 de
840 3688 1135 3773 superhabundanti
1156 3690 1266 3757 merito
1283 3692 1359 3756 Jesu
1381 3692 1497 3757 Christi
1518 3694 1663 3758 similiter
1682 3694 1742 3758 XL
1761 3694 1834 3760 dies

527 3783 794 3886 indulgentiarum
816 3780 857 3844 ob
878 3782 1050 3864 specialem
1071 3782 1283 3861 devotionem,
1302 3800 1397 3862 quam
1418 3781 1461 3846 ad
1481 3783 1652 3863 gloriosam
1664 3783 1830 3865 Virginem

526 3872 674 3955 gerimus,
694 3867 883 3934 fiducialiter
903 3869 1127 3934 condonamus.

605 3960 724 4023 Datum
745 3959 779 4021 in
797 3958 1021 4042 Langensteyn
1042 3977 1127 4021 anno
1155 3956 1275 4021 domini
1295 3958 1583 4041 M⁰OOO⁰LXVlI⁰,
1611 3962 1691 4027 feria
1718 3963 1830 4044 quinta

525 4054 598 4133 post
617 4049 738 4112 Latere.

515 4174 517 4179 '
596 4163 725 4234 11161.-
731 4160 924 4218 1116116116
873 4162 994 4300 Mdicb.
1013 4179 1034 4216 s
1054 4178 1077 4216 r.
1096 4161 1178 4216 Hau.
1199 4160 1329 4215 ma-
1349 4162 1433 4233 clepet
1449 4166 1542 4219 ub.-
1561 4164 1828 4234 &desuatwdrtl

526 4182 787 4291 occansonem
813 4232 1231 4300 611.1318,916)Ιιι
1255 4232 1307 4285 dea
1329 4165 1488 4289 Hatttscltca
1508 4234 1614 4290 flator
1636 4236 1829 4307 Sammltmpm

527 4307 554 4362 S.
579 4310 670 4360 139-
677 4309 728 4359 141
750 4305 786 4359 t'st
813 4303 922 4357 damella
953 4302 1081 4357 b'rbautdc
1101 4235 1180 4355 anch
1205 4303 1289 4355 eitwm
1317 4320 1369 4356 aas
1399 4304 1459 4357 dem
1485 4305 1687 4405 Sanperbdaser
1714 4308 1829 4363 (haam

525 4375 707 4431 swrnmcnclca
730 4374 854 4443 Onpbtavl
870 4374 920 4427 mit
937 4372 1064 4428 Datum
1056 4390 1084 4425 ιιι
1103 4372 1291 4441 Langenstein,
1310 4390 1380 4428 antro
1397 4376 1499 4430 domini
1513 4377 1542 4429 M
1556 4377 1828 4448 coc⁰uxv111⁰,die

524 4448 611 4519 prima
628 4447 725 4501 mensis
744 4444 884 4499 Februarii
901 4442 1069 4512 obgabutcltt.
