4459 5167
823 365 868 419 Nr.
890 366 1004 419 lt-lt.
1025 382 1048 419 a.
1071 368 1138 419 lass
1187 366 1260 419 lass.
1664 367 1695 418 15

393 533 460 578 mus
495 533 552 597 pro
584 515 723 580 remedio
760 516 865 580 anime
901 524 1008 579 nostre
1039 523 1072 579 et
1105 516 1342 599 progenitorum
1377 522 1552 579 nostrorum
1590 517 1696 597 quiete

392 618 515 688 semper
539 610 572 669 et
596 604 734 669 feliciter
760 602 963 688 possidenda.
1012 604 1054 668 pp
1082 612 1188 669 autem
1217 605 1291 669 tulis
1320 610 1427 669 nostra
1453 604 1585 669 donatio
1607 604 1696 669 firma

392 711 516 776 semper
533 701 566 757 et
586 693 782 757 inviolabilis
803 702 999 776 perseueret,
1026 700 1059 756 et
1084 712 1124 756 ue
1152 693 1322 774 abaliquo
1351 702 1457 777 posset
1482 694 1693 777 inposterum

393 781 523 861 irritari,
552 783 705 864 paginam
727 790 904 866 presentem
926 780 1096 846 hincinde
1120 782 1276 847 oonseribi
1305 792 1337 847 et
1364 782 1461 863 sigilli
1485 784 1582 847 nostri
1604 784 1694 849 iussi-

391 888 458 933 mus
478 872 653 935 munimine
680 872 829 935 roborari.
872 870 974 935 Huius
999 873 1045 935 rei
1067 878 1164 935 testes
1185 878 1271 937 suut:
1303 870 1482 935 Beruardus
1503 870 1543 936 ds
1566 872 1696 937 Dorstat

391 958 543 1023 lordauus
570 959 713 1043 dapifer,
744 958 951 1025 Baldewinus
982 960 1079 1024 frater
1109 960 1191 1041 eius,
1221 959 1426 1025 Baldewiuus
1454 960 1627 1025 advocatus
1655 960 1695 1025 de

391 1046 519 1127 Dalem,
539 1049 693 1113 Eobertus
713 1048 967 1129 derlerbutle‚
992 1048 1194 1114 Burolrardus
1216 1050 1313 1114 l'ruter
1333 1068 1423 1127 suus,
1445 1045 1627 1113 Friderious
1654 1048 1694 1113 de

391 1137 526 1219 Arbele,
548 1140 651 1204 Heiuo
663 1138 703 1202 de
717 1136 891 1217 Weuedeu,
913 1136 1065 1203 Ludolt'us
1085 1136 1126 1201 de
1140 1138 1307 1203 Bortvelde
1328 1144 1359 1201 et
1370 1136 1577 1202 Gevehardus
1599 1138 1696 1201 irater

391 1227 465 1307 eius,
485 1228 669 1293 Everardus
689 1226 730 1292 de
750 1226 862 1306 Odern,
882 1233 914 1292 et
934 1226 991 1291 alii
1013 1227 1128 1309 plures.

466 1318 586 1382 Datum
601 1315 802 1395 Osterrodlre‚
824 1334 908 1379 auno
928 1314 1086 1380 domiuioe
1106 1315 1334 1380 iucarnationis
1350 1314 1672 1380 M⁰CC⁰XXXVllll⁰.

461 1444 630 1508 Crateuas
645 1442 803 1511 Perpoment
820 1442 1000 1565 mr'tEprneoaaem,
1019 1442 1104 1509 rrmip
1115 1442 1264 1517 rerlelztem,
1284 1440 1399 1494 rondes
1414 1440 1509 1509 polluent
1522 1440 1695 1509 ll'achasieoel

389 1530 426 1566 aa
444 1514 534 1566 roser
553 1510 756 1566 serenam
774 1513 817 1565 w.
889 1513 894 1523 ·
942 1511 1032 1566 nana
1046 1512 1093 1565 aa
1112 1516 1153 1565 15.
1165 1512 1261 1565 nort.
1281 1510 1329 1564 nar
1347 1528 1394 1565 ron
1412 1512 1567 1565 amento
1584 1510 1627 1565 ure
1644 1498 1695 1564 ire-

390 1584 536 1653 zeietnrmp
553 1583 702 1637 Erakstede
719 1582 941 1651 uulpeeclm'ebea.

457 1690 486 1755 l)
503 1687 544 1742 Ira
560 1687 608 1742 der
631 1686 760 1743 Uritunde
778 1689 807 1743 Ο.

916 1798 1013 1805 ...η-..-
1039 1798 1050 1803 -
1076 1796 1154 1803 -..

391 1844 501 1927 1248.
530 1844 650 1925 lllr’iru
668 1845 732 1927 28.
1592 1848 1594 1853 '
1629 1844 1691 1925 16.

487 1979 634 2043 Allrrecltt
654 1999 712 2044 oon
723 1978 912 2061 Hollenberp
925 1980 1152 2061 (Helleberoh),
1174 1977 1326 2043 Vestreter
1345 1978 1399 2041 des
1409 1974 1693 2055 Dartsmmenrea,

484 2076 634 2158 omkoufl
653 2078 721 2141 den
742 2076 870 2141 Kloster
895 2076 1056 2157 lnenourp
1074 2077 1150 2141 awai
1170 2074 1281 2156 Hersen
1302 2095 1342 2139 au
1365 2074 1507 2155 Loapolrt
1519 2076 1693 2158 (Langele),

485 2173 596 2238 weldte
620 2173 671 2237 die
695 2172 828 2238 duselbst
853 2172 1055 2255 belladllehen
1079 2172 1314 2237 (lrdertsbrt'lder
1341 2174 1408 2251 urrf
1422 2172 1489 2235 ihre
1511 2172 1628 2237 Kostert
1647 2174 1693 2238 be-

485 2271 611 2346 bauten,
633 2271 703 2334 und
724 2271 791 2335 eine
809 2272 960 2337 atoisolwrr
981 2272 1041 2335 den
1063 2270 1168 2353 Hellen
1192 2271 1358 2336 Gerbotltos
1378 2270 1447 2333 ond
1469 2268 1618 2334 Reinolrls
1638 2272 1694 2333 dus-

485 2368 578 2432 selbst
595 2368 735 2450 petepew
754 2368 914 2450 Hofstelle.

464 2486 580 2549 Actum
607 2502 691 2547 anuo
715 2484 837 2551 domiui
861 2486 1028 2551 millesimo
1052 2486 1270 2551 dueentesimo
1297 2482 1541 2565 quadragesimo
1571 2492 1696 2564 octavo,

390 2583 497 2655 quarto
519 2573 573 2638 die
593 2580 728 2637 exeunte
749 2573 879 2655 Marcio,
896 2582 985 2640 sexte
1007 2574 1199 2639 indictionis.

455 2690 596 2749 Gednoekt
612 2690 748 2747 naedder
770 2692 877 2751 Ursedr.
901 2691 997 2747 Inest
1013 2690 1110 2747 Urltdd.
1127 2694 1163 2745 86
1182 2689 1531 2759 (Gescd.-Qroellersd.1²roo.
1544 2691 1580 2757 S„
1595 2689 1640 2743 VI.
1653 2694 1690 2761 1).

913 2850 1163 2858 ————-

391 2968 501 3053 1258.
528 2968 619 3051 lllai
636 2968 703 3051 24.
754 2965 1074 3064 Wernlgerode.
1631 2964 1690 3045 17.

487 3104 670 3180 Friedrich,
725 3102 813 3185 Graj
858 3122 900 3168 au
946 3101 1176 3182 Werniperode,
1236 3100 1384 3179 vmkoutt
1435 3100 1495 3161 ders
1540 3094 1691 3161 Deducit-

483 3202 735 3267 ardensis-tidem
764 3202 830 3265 vier
850 3200 963 3281 Hufen
987 3199 1057 3263 aad
1085 3198 1154 3262 eine
1173 3196 1322 3277 Ilofstello
1348 3197 1383 3259 in
1402 3193 1493 3276 Dorf
1511 3198 1581 3259 und
1607 3196 1691 3259 stur

485 3298 639 3379 [mapula.

465 3414 648 3479 Friderious
664 3414 718 3478 dei
731 3414 842 3495 grauia
856 3431 961 3478 eomes
979 3411 1020 3475 de
1031 3410 1281 3493 Weruiggerode
1294 3408 1440 3473 omnibus
1458 3408 1539 3472 hane
1554 3408 1690 3473 litteram

390 3503 574 3585 inspecturis
593 3504 737 3567 salutem.
779 3502 936 3581 Quoniam
963 3501 1005 3565 ab
1027 3500 1166 3565 humana
1186 3499 1337 3563 memoria
1362 3496 1488 3561 l'aoilius
1514 3496 1690 3577 elabuntur,

390 3610 447 3673 que
467 3612 528 3657 uee
547 3610 625 3656 rooe
647 3591 774 3656 testium
796 3610 856 3655 neo
876 3591 1031 3673 seripture
1052 3588 1232 3653 testimonio
1254 3593 1449 3653 eteruautur.
1478 3584 1690 3649 necessarium

390 3687 443 3760 est,
463 3688 498 3746 ut
518 3680 605 3744 fautu
626 3680 787 3744 hominum
808 3677 1246 3763 soriptimemoriareoipiant
1263 3674 1500 3739 firmamentum.
1537 3672 1691 3739 Noverint

390 3767 482 3850 igitur
502 3768 596 3833 huius
620 3768 725 3833 littere
745 3769 940 3851 inspectores
961 3774 1026 3830 tam
1049 3772 1212 3850 presentes
1232 3762 1450 3847 quamtulam,
1471 3761 1553 3841 quod
1577 3780 1634 3825 nos
1651 3761 1690 3825 de

390 3876 540 3923 oonseusu
560 3857 710 3922 heredum
732 3864 906 3923 nostrorum
920 3856 1071 3919 iratribus
1084 3854 1195 3920 domus
1209 3852 1388 3919 teuthonico
1406 3849 1608 3916 vendidimus
1627 3849 1689 3914 llll

390 3964 513 4011 mansos
533 3953 565 4011 et
586 3964 693 4010 aream
715 3946 747 4009 in
769 3966 855 4029 pago
876 3953 909 4010 et
929 3944 1008 4009 villa
1021 3944 1161 4024 langele
1182 3944 1260 4007 sitos
1272 3940 1390 4005 eisdem
1403 3939 1469 4001 iure
1486 3938 1690 4021 proprietatis

390 4042 538 4118 perpetuo
560 4034 776 4118 possidendos.
820 4034 863 4098 Ut
883 4040 990 4098 autem
1010 4034 1096 4097 saeta
1116 4032 1281 4111 presencia
1295 4028 1389 4093 robor
1407 4026 1514 4091 debite
1532 4025 1690 4091 firmitatis

392 4124 552 4205 optineant
568 4131 630 4186 eta
649 4124 764 4187 uostris
780 4123 1013 4187 suceessoribus
1027 4128 1185 4201 nequeant
1198 4122 1230 4183 iu
1243 4126 1402 4202 posterum
1418 4115 1576 4193 irrurutari,
1598 4115 1691 4178 iussi·

392 4231 456 4276 mus
475 4211 559 4277 haue
579 4211 716 4276 litteram
738 4212 837 4293 sigilli
857 4211 956 4275 nostri
976 4209 1150 4274 munimine
1172 4208 1359 4289 diligentius
1380 4203 1534 4284 insigniri,
1557 4203 1690 4267 testibus

392 4302 442 4380 qui
478 4301 538 4365 heo
574 4302 721 4365 viderunt
757 4310 789 4365 et
828 4296 998 4364 audieruut
1041 4298 1264 4363 nichilominus
1303 4294 1512 4372 annototatis‚
1559 4311 1689 4373 quorum

393 4390 517 4455 nomiua
537 4398 609 4454 sunt
629 4390 699 4454 lieo:
732 4409 836 4455 eomes
859 4388 1082 4466 Gerehardos,
1104 4394 1235 4469 patruus
1253 4389 1374 4463 noster,
1400 4398 1505 4445 eomes
1526 4379 1689 4445 Com-udus

393 4476 470 4543 lilius
491 4498 581 4559 suum
607 4480 743 4545 Sifridus
764 4479 806 4543 de
827 4478 990 4555 illudere,
1013 4475 1169 4539 lohannes
1190 4474 1230 4538 de
1253 4468 1451 4567 Har·tesrode‚
1471 4468 1629 4532 Amoldus
1650 4467 1689 4532 de
