4459 5167
1472 317 1566 372 Nr.
1604 319 1687 371 94.
1727 337 1775 374 a.
1816 319 1968 374 1467.
2179 320 2190 324 “
2921 317 3022 370 169

416 467 589 534 circa
650 469 961 552 premissa
1011 469 1433 551 delinqueret,
1502 467 1768 533 similem
1830 467 2201 533 cohercendi
2268 475 2675 553 potestatem,
2730 466 3027 549 quatinus

413 558 571 621 nulli
612 558 953 622 conventui
997 565 1105 622 aut
1147 559 1340 623 alicui
1383 577 1460 622 ex
1500 555 1799 621 fratribus
1842 576 1951 622 seu
1982 558 2223 623 vicario
2260 559 2578 624 domorum
2604 557 3026 641 predictarum

413 648 611 711 alicui
672 647 856 712 alteri
913 647 1029 710 sub
1092 646 1450 731 privilegiis
1514 652 1579 710 et
1638 642 1868 711 union‘e
1928 648 2198 730 privatis
2261 668 2386 713 non
2441 647 2712 727 viventi,
2768 644 3026 709 minime

414 736 632 801 subire
685 735 877 799 liceat
929 736 1077 811 sine,
1119 737 1389 800 licencia
1444 741 1661 800 sancte
1713 735 1885 801 sedis
1946 737 2295 821 apostolice
2359 736 2643 820 speciali.
2729 732 3027 799 Generali

412 835 630 891 tamen
651 825 893 890 ordinis
915 825 1093 890 licita
1114 825 1388 892 omnia14
1409 831 1553 889 sunt
1574 825 1846 906 regulari
1869 827 2279 891 observancie
2303 826 2630 891 commoda
2654 820 3029 907 precipienti

413 921 715 998 except0,
770 934 1013 979 necnon
1069 921 1133 980 et
1187 915 1243 978 si
1299 914 1489 979 dictis
1529 914 1769 980 vicario
1822 921 1885 978 et
1929 915 2244 997 prioribus
2302 913 2683 979 instituende
2737 919 2845 977 aut
2887 929 3028 974 con-

413 1001 732 1069 servande
776 1002 1084 1085 regularis
1126 1003 1257 1069 vite
1298 1004 1507 1085 gratia
1551 1011 1895 1069 conventus
1935 1005 2169 1086 aliquis
2206 1003 2447 1069 ordinis
2476 1003 2786 1079 afferetur,
2829 1000 3028 1064 libere

414 1093 703 1176 recipere
780 1113 857 1157 ac
931 1092 1094 1157 inter
1147 1094 1311 1159 alias
1376 1093 1500 1156 iam
1567 1093 1819 1159 habitas
1873 1094 1937 1157 in
2005 1094 2238 1159 unione
2312 1114 2526 1159 eorum
2596 1093 2815 1157 domos
2868 1091 3030 1155 sicut

414 1200 609 1246 unam
662 1199 741 1244 ex
794 1181 888 1245 eis
944 1200 1057 1263 per
1096 1184 1309 1246 omnia
1348 1183 1621 1247 retinere
1662 1189 1852 1265 atque
1893 1183 2246 1265 possidere,
2305 1202 2382 1247 ac
2429 1177 2560 1247 alia
2616 1202 2731 1263 pro
2771 1179 3027 1244 firmiori

415 1271 843 1336 subsistencia
881 1272 1325 1355 premissorum
1368 1273 1647 1354 gratiose
1694 1271 1847 1337 dare
1888 1279 1950 1338 et
1992 1273 2334 1338 concedere
2388 1272 2813 1353 dignaremur.
2894 1269 3029 1332 Nos

417 1379 571 1423 vero
596 1361 944 1444 cupientes,
981 1371 1051 1425 ut
1081 1363 1407 1427 ordinibus
1439 1370 1501 1426 et
1529 1363 1814 1445 personis
1839 1363 2154 1443 religiosis
2184 1362 2306 1426 deo
2327 1363 2558 1445 iugiter
2576 1358 3030 1425 famulantibus

418 1451 486 1512 in
532 1449 666 1512 suis
711 1451 1194 1516 necessitatibus
1235 1459 1590 1531 occuratur,
1650 1458 1712 1515 et
1755 1458 1821 1514 ut
1860 1451 2086 1516 fratres
2124 1472 2200 1516 ac
2238 1471 2504 1535 persone
2541 1447 2871 1535 presertim
2914 1445 3029 1510 sub

414 1537 698 1618 regulari
729 1537 1137 1603 observantia
1177 1539 1482 1621 degentes
1513 1546 1817 1623 oportune
1860 1545 2170 1618 tueantur,
2213 1537 2796 1623 supplicacionibus
2821 1535 3028 1599 huius-

415 1626 592 1690 modi
645 1627 1086 1692 favorabiliter
1123 1628 1440 1705 inclinati,
1499 1627 1828 1705 unionem,
1879 1628 2382 1710 separacionem,
2438 1627 2908 1709 exempcionem
2955 1643 3030 1686 ac

414 1713 675 1796 singula
728 1721 790 1778 et
845 1717 1057 1779 omnia
1113 1717 1422 1798 premissa
1473 1715 1848 1781 auctoritate
1889 1716 2226 1796 legationis
2269 1722 2512 1795 nostre,
2563 1734 2775 1797 ymmo
2818 1714 3029 1776 verius

413 1805 800 1887 apostolica,
858 1803 1326 1886 confirmamus,
1383 1805 1809 1888 approbamus
1846 1811 1911 1867 et
1952 1804 2335 1868 ratificamus
2386 1823 2464 1867 ac
2515 1802 2916 1867 concedimus
2965 1806 3028 1864 et

413 1892 607 1958 robur
648 1899 950 1976 perpetue
994 1891 1305 1956 firmitatis
1346 1892 1655 1956 adicimus
1682 1912 1793 1975 per
1827 1900 2167 1976 presentes,
2210 1893 2493 1957 volentes
2539 1899 2602 1954 et
2633 1891 3029 1968 mandantes,

413 1989 486 2046 ut
527 1981 742 2046 omnia
763 1989 825 2045 et
842 1981 1095 2063 singula
1137 1981 1473 2066 premissa,
1517 1982 1679 2046 sicut
1720 1983 1922 2065 petita
1966 1981 2262 2063 existunt,
2303 1980 2458 2046 fiant
2485 1989 2548 2045 et
2575 1979 3028 2045 inviolabiliter

414 2091 498 2135 ac
539 2071 914 2135 inconcusse
954 2077 1369 2154 permaneant
1410 2090 1486 2134 ac
1525 2071 1886 2153 persistant,
1926 2070 2488 2135 constitucionibus
2519 2077 2580 2135 et
2608 2068 3026 2137 ordinacioni-

415 2161 538 2225 bus
581 2162 643 2223 in
691 2161 1071 2225 contrarium
1113 2160 1493 2226 facientibus
1534 2180 1657 2224 non
1684 2160 2082 2224 obstantibus
2117 2161 2610 2242 quibuscunque.
2663 2160 2735 2222 In
2766 2176 3026 2240 quornm

413 2250 608 2314 fidem
665 2246 783 2329 (et)
857 2251 1280 2314 testimonium
1355 2250 1798 2333 premissorum
1873 2256 2197 2333 presentes
2272 2250 2514 2315 litteras
2588 2248 2816 2312 exinde
2889 2246 3026 2312 fieri

413 2342 743 2422 nostrique
785 2340 984 2422 sigilli
1028 2341 1285 2406 maioris
1326 2340 1621 2404 iussimus
1664 2346 1726 2403 et
1771 2340 2031 2404 fecimus
2074 2339 2465 2422 appensione
2507 2337 2895 2403 communiri.

630 2430 868 2494 Datum
961 2428 1400 2511 Nurinberge,
1513 2428 2001 2510 Bambergensis
2095 2428 2422 2511 dyocesiS,
2518 2448 2686 2492 anno
2786 2427 3028 2492 domini

415 2518 1041 2598 Moccccovallo,
1084 2518 1391 2583 vicesima
1427 2518 1646 2600 quinta
1688 2521 1923 2582 mensis
1947 2517 2113 2596 Iulii,
2155 2517 2502 2581 indictione
2539 2517 3028 2599 quintadecima,

417 2609 823 2693 pontificatus
866 2607 1248 2671 sanctissimi
1292 2607 1358 2671 in
1399 2606 1649 2670 Christo
1691 2606 1891 2690 patris
1939 2611 2003 2670 et
2041 2605 2281 2670 domini
2325 2606 2522 2670 nostri
2572 2606 2808 2669 domini
2845 2605 3024 2669 Pauli

414 2697 643 2761 divina
688 2696 1088 2780 providentia
1132 2714 1298 2779 pape
1342 2694 1602 2759 secundi
1645 2714 1811 2758 anno
1853 2696 2060 2760 tercio.

578 2784 662 2849 Et
690 2805 806 2850 nos
827 2785 1161 2865 IohanneS,
1205 2784 1427 2848 divina
1470 2783 1883 2848 miseracione
1926 2782 2129 2848 abbas
2169 2784 2537 2849 monasterii
2582 2784 2783 2848 sancti
2808 2783 3026 2865 Egidii

416 2874 983 2956 Nurinbergensis,
1046 2872 1534 2952 Bambergensis
1589 2872 1910 2954 dyocesis,
1972 2872 2212 2938 ordinis
2265 2875 2468 2937 sancti
2530 2872 2888 2953 Benedicti,
2943 2872 3026 2937 ad

416 2965 854 3028 universorum
891 2963 1187 3027 noticiam
1232 2962 1600 3028 deducimus
1640 2981 1752 3045 per
1794 2969 2146 3045 presenteS,
2187 2962 2355 3043 quod
2398 2963 2742 3043 originales
2783 2962 3028 3025 litteras

418 3055 780 3118 autenticas
811 3052 1222 3136 suprascripti
1259 3051 1490 3116 tenoris
1524 3049 2033 3114 reverendissimi
2071 3051 2134 3114 in
2159 3050 2409 3115 Christo
2437 3052 2639 3134 patris
2676 3057 2739 3115 et
2767 3050 3025 3125 domini,

418 3142 660 3208 domini
685 3141 852 3206 Petri
892 3142 1305 3205 miseracione
1348 3141 1568 3204 divina
1611 3140 1776 3203 tituli
1823 3138 2024 3202 saneti
2052 3140 2282 3204 Vitalis
2327 3147 2724 3205 sacrosancte
2748 3139 3026 3204 Romane

419 3229 689 3295 ecclesie
747 3230 1092 3294 cardinalis
1149 3236 1292 3308 etc,
1364 3229 1501 3293 eius
1566 3227 1777 3310 sigillo
1844 3248 1992 3292 vcro
2050 3228 2198 3291 item
2258 3229 2610 3311 recognito*
2650 3228 2711 3292 in
2768 3226 3024 3291 cordula

421 3320 618 3385 rubea
662 3319 1069 3403 appendente
1111 3318 1323 3382 debite
1365 3318 1711 3400 sigillatas,
1755 3337 1946 3381 sanas
1989 3323 2051 3382 et
2094 3319 2405 3400 integras,
2451 3339 2574 3382 non
2622 3317 3026 3396 cancellatas,

417 3430 539 3473 non
572 3409 858 3488 abrasas,
901 3429 1025 3472 non
1048 3407 1340 3487 abolitaS‚
1383 3406 1495 3471 sed
1528 3406 1699 3469 omni
1724 3425 1975 3489 prorsus
2003 3407 2167 3470 vicio
2201 3414 2264 3470 et
2286 3407 2642 3488 suspicione
2665 3413 2953 3470 carentes
2971 3408 3024 3451 ¹5

418 3496 699 3561 vidimus
755 3506 817 3561 et
872 3495 1284 3580 perlegimuS‚
1344 3494 1709 3558 transscribi
1767 3499 1830 3557 et
1882 3495 2228 3576 exemplari
2270 3495 2533 3558 fecimus
2583 3494 2664 3559 de
2707 3495 2900 3560 verbo
2944 3495 3026 3559 ad

417 3586 703 3661 verbum,
745 3585 833 3649 nil
874 3583 1210 3649 adiciendo
1254 3584 1353 3648 vel
1397 3581 1788 3666 deponendo.
1847 3583 1917 3644 In
1954 3602 2212 3664 quorum
2237 3583 2512 3647 omnium
2549 3592 2612 3648 et
2636 3584 3024 3664 singulorum

420 3675 606 3739 fidem
660 3681 723 3738 et
774 3674 1196 3738 testimonium
1238 3673 1682 3756 premissorum
1725 3671 2002 3753 sigillum
2058 3673 2315 3737 abbatie
2366 3679 2576 3737 nostre
2629 3673 3026 3756 presentibus

414 3770 511 3828 est
553 3780 928 3846 appensum.

498 3851 734 3916 Datum
750 3848 3024 3933 ferialV‘⁸postassumpcionisMarie,annodominiM⁰CCCC⁰LXXIV1Q

560 3966 722 4019 Nach
757 3965 876 4018 dem
915 3966 1120 4032 Θυρέαν.
1152 3969 1253 4018 154
1290 3967 1317 4030 (
1325 3965 1619 4018 Urkunden
1653 3966 1742 4018 dea
1762 3965 2641 4033 Auyustiroer-Eineiedlerklosters
2676 3984 2742 4019 εει
2780 3967 3023 4034 Erfiort),

420 4036 506 4090 Bl.
544 4038 697 4101 104s.
734 4035 809 4088 im
848 4037 1039 4104 Mniyl.
1077 4036 1441 4089 Stantsarchir
1475 4052 1542 4087 zu
1578 4035 1917 4103 Mayclebcory.

561 4145 615 4203 l)
635 4144 831 4211 pater?
867 4172 930 4179 -
976 4143 1028 4206 2)
1050 4144 1075 4193 (
1082 4142 1301 4208 b1n'alb.:
1322 4143 1515 4194 domos.
1560 4170 1622 4178 -
1664 4143 1716 4199 3)
1739 4141 2340 4196 Absch-r.:consecretur
2365 4149 2421 4196 ot
2440 4161 2569 4197 esse.
2600 4174 2666 4181 ——
2698 4145 2754 4204 4)
2781 4143 3025 4196 Abschr..·

416 4213 908 4266 confirmaverit.—-
946 4216 1003 4277 5)
1040 4212 1395 4266 associaverit.
1454 4241 1482 4247 —
1539 4214 1596 4274 6)
1618 4211 1692 4262 St.
1717 4212 1811 4264 ut?
1849 4241 1907 4248 —·
1955 4212 2008 4272 7)
2046 4213 2130 4265 fle.
2164 4243 2225 4249 —
2268 4215 2322 4277 8)
2342 4213 2416 4266 St.
2438 4214 2547 4266 sub.
2584 4244 2652 4252 —
2691 4216 2746 4274 9)
2786 4216 2915 4267 aut?
2955 4244 3022 4252 —

424 4283 510 4345 10)
537 4282 617 4335 St.
638 4282 929 4336 recessisse.
969 4313 1035 4320 —
1078 4284 1163 4344 11)
1206 4281 1722 4347 Copialb..·candem.
1761 4311 1826 4317 —
1873 4282 1953 4341 12)
1994 4281 2070 4334 St.
2108 4283 2298 4336 redire.
2340 4314 2405 4320 —
2450 4285 2536 4344 13)
2556 4284 2789 4337 Verbum
2814 4284 3024 4337 finitum

417 4352 562 4417 fehlt.
627 4382 694 4390 —
755 4352 843 4418 14)
903 4351 1009 4405 Die
1047 4351 1278 4409 Hdschr.
1326 4356 1437 4415 cia,
1496 4351 1621 4404 m'ell.
1669 4357 1799 4404 scalt
1846 4368 1947 4405 ora.
2010 4381 2070 4389 —
2136 4353 2222 4417 15)
2267 4354 2525 4420 (bpialbs
2579 4354 2898 4409 carentibus.
2959 4348 3041 4393 -’

419 4421 506 4490 16)
547 4423 677 4476 iul.
