4459 5167
542 299 595 357 252
796 299 1082 357 Cistereieuserinueu·
1101 299 1318 368 (Heiligenblut)
1340 298 1600 355 KlusterWaterler.

548 450 722 524 stadensis,
751 456 782 514 et
804 449 953 514 heredum
976 468 1101 515 suorum
1123 447 1246 514 dimisit
1272 456 1303 516 et
1330 448 1462 515 donavit
1488 447 1644 512 domiue.
1667 445 1856 532 priorisse,

544 539 706 625 preposito
738 544 770 602 et
807 536 976 604 conventui
1015 537 1150 602 ecclesie
1186 536 1513 603 sanctimonialium'
1503 555 1536 601 ru
1569 535 1744 601 Waterlere
1776 535 1856 601 duos

543 647 672 694 mansos
690 628 802 693 sitos
792 648 825 692 m
846 627 1055 692 Romensleve
1081 645 1153 691 cum
1180 627 1266 692 omni
1292 627 1429 692 utilitate
1450 625 1511 690 et'
1502 643 1583 707 rure,
1614 625 1729 707 quod'
1720 645 1752 690 ru
1774 624 1855 712 ipsis

542 717 699 796 habebat,
729 716 904 783 liberaliter
925 723 958 780 et
983 722 1136 800 perpetuo
1165 715 1248 781 iusto
1273 715 1478 801 proprietatis
1506 675 1607 798 tytulo
1626 713 1854 820 possidendos.

542 807 611 874 Nos
630 826 706 872 vero
732 813 860 891 propter
880 804 973 871 deum
1001 805 1063 870 ct'
1054 826 1087 870 ru
1107 805 1284 872 subsidium
1306 806 1449 890 predicte
1468 804 1634 870 ecclesie
1624 823 1658 869 m
1680 804 1855 871 Walerlere

543 896 617 961 buic
637 894 821 960 rationabili
842 901 875 961 et
894 893 948 979 pie
968 893 1134 959 donationi
1154 896 1392 961 consencientes
1413 895 1515 978 ipsam
1528 892 1737 960 donacionem
1747 893 1854 960 banno

542 986 632 1068 regio
653 1005 710 1069 per
732 991 892 1069 presentes
918 983 1040 1049 litteras
1066 984 1215 1050 duximus
1236 983 1493 1050 confirmandam.
1533 983 1571 1046 Iu
1593 982 1683 1048 cuius
1703 983 1749 1049 rei
1769 983 1854 1049 testi.

543 1074 683 1140 monium
703 1075 792 1160 ipsas
811 1073 933 1138 litteras
953 1080 1078 1139 nostras
1099 1072 1217 1155 sigillis
1235 1073 1351 1138 uostris
1369 1072 1503 1138 fecimus
1522 1071 1672 1136 roborari.

623 1166 738 1229 Actum
766 1169 798 1229 et
826 1162 936 1228 datum
956 1161 1164 1238 llalberstad,
1192 1181 1275 1226 auno
1304 1160 1423 1226 domiui
1453 1160 1619 1226 millesimo
1640 1161 1733 1227 0000
1754 1168 1854 1242 sexto,

543 1255 625 1320 feria
646 1260 759 1336 quarta
779 1260 853 1319 ante
874 1252 1066 1318 dominicam
1086 1253 1209 1318 letare.

623 1372 730 1430 Uracltr.
748 1389 783 1426 m.
800 1371 923 1426 1444144141Ι
998 1371 1111 1440 sapas,
1134 1369 1185 1425 dus
1203 1371 1281 1439 Gras
1295 1371 1442 1426 Heinricbs
1463 1387 1519 1424 nar
1537 1387 1583 1424 om
1604 1367 1708 1424 11444414.
1746 1367 1808 1422 Dus
1825 1367 1853 1423 S.

548 1442 596 1496 Gr.
617 1443 762 1496 Heiun‘clro
785 1442 886 1509 41141.
926 1442 986 1508 ΙΙΙ,
1003 1441 1057 1496 Nr
1077 1446 1125 1506 59‚·
1145 1441 1243 1496 das
1316 1442 1365 1496 Gr.
1385 1441 1502 1506 Uln'cbs,
1520 1445 1594 1494 sonat
1611 1437 1721 1492 (1144411414
1737 1438 1854 1505 formirt,

544 1512 612 1582 44191
634 1513 758 1566 4414144444
779 1511 948 1580 Rduderuup
970 1484 1030 1565 aiud
1050 1511 1103 1565 41444
1121 1511 1251 1567 1144444141
1301 1513 1333 1566 iu
1356 1512 1440 1566 4144444
1463 1513 1512 1566 mit
1528 1509 1674 1565 0144444144
1695 1509 1727 1562 iu
1747 1508 1855 1578 peracle-

546 1582 685 1638 stcbender
703 1582 849 1654 (1111444449
866 1583 985 1638 aarum
1001 1581 1154 1651 014941141414
1171 1583 1231 1652 (.491
1249 1599 1285 1636 ru
1303 1581 1355 1637 Nr
1374 1584 1429 1650 35).

550 1831 669 1913 laos.
695 1829 873 1911 111448.
910 1827 1169 1926 llclulugeu.
1787 1824 1853 1907 43„

647 1963 718 2028 Das
739 1963 778 2027 Κ
780 1963 870 2027 tester
890 1961 1071 2044 Heirriupeu
1096 1961 1207 2044 44111191
1225 1963 1261 2027 iu
1281 1964 1342 2027 41444
1367 1963 1473 2046 41419444
1497 1962 1644 2044 1744144441
1666 1956 1722 2026 der
1748 1961 1855 2026 14141444

646 2062 760 2143 11441444
777 2080 820 2126 su
840 2059 1028 2124 Rouuslebcn.

627 2180 694 2246 Nos
713 2177 920 2243 miseracione
947 2176 1058 2242 diviua
1075 2177 1090 2260 ΙΙ
1108 2176 1304 2260 Adelbeydis
1331 2176 1484 2262 priorissa
1510 2183 1542 2242 et
1562 2176 1720 2243 lohannes
1745 2195 1855 2261 prepo

545 2270 626 2335 situs
663 2268 796 2333 ecclesie
823 2267 1112 2333 sanctimonialium
1140 2268 1174 2332 in
1200 2268 1348 2350 Heuinge
1377 2267 1535 2332 universis
1563 2265 1682 2331 Obristi
1708 2263 1855 2332 fidelibus

545 2358 690 2441 cupimus
711 2364 925 2438 emunctam,
946 2356 1029 2440 qnod
1051 2356 1228 2423 Lucluardis
1247 2362 1279 2421 et
1300 2356 1481 2422 bleobtildis
1502 2356 1542 2421 de
1561 2356 1714 2436 Hesuem,
1739 2355 1854 2420 saneti-

545 2447 700 2513 mouiales
727 2445 862 2511 ecclesie
889 2451 995 2511 nostre
1017 2445 1174 2531 predicte,
1199 2445 1420 2511 vendicionem
1442 2450 1474 2511 et
1495 2444 1703 2511 donacionem
1724 2442 1854 2510 duomm

545 2555 726 2601 mansorum
753 2535 884 2601 sitorum
911 2535 944 2599 in
965 2534 1173 2601 Romensleve
1202 2554 1272 2600 oum
1302 2533 1448 2600 omnibus
1474 2535 1540 2600 suis
1569 2532 1775 2617 pertinenciis
1800 2551 1856 2616 per

546 2623 734 2691 Gertrudem
760 2622 946 2689 eanonicam
972 2624 1005 2688 iu
1025 2622 1304 2706 Quedeliugburcb
1332 2641 1469 2688 sororem
1496 2624 1636 2706 ipsarum
1662 2623 1780 2688 factam
1801 2621 1854 2688 do-

545 2715 630 2779 mine
652 2713 773 2798 Sopbic
794 2712 957 2778 abbatisse
977 2719 1010 2778 et
1029 2712 1180 2778 Bartoldo
1201 2713 1361 2798 preposito
1384 2733 1422 2777 ac
1443 2712 1612 2778 couventui
1633 2711 1855 2778 sanctimonia-

545 2803 622 2868 lium
645 2802 678 2866 in
698 2802 874 2877 Waterlere
899 2807 1002 2866 ratum
1029 2807 1061 2867 et
1082 2808 1207 2884 gratum
1229 2801 1383 2866 habentes
1404 2802 1513 2867 volunt
1534 2806 1566 2867 et
1586 2800 1704 2866 debent
1724 2801 1857 2866 inviola-

547 2892 653 2957 biliter
672 2892 852 2958 observare.
894 2889 934 2955 Et
963 2909 1020 2956 nos
1045 2890 1089 2955 ad
1114 2910 1224 2975 preces
1254 2892 1394 2974 ipsarum
1424 2910 1488 2956 uua
1514 2911 1584 2957 cum
1612 2890 1693 2976 ipsis
1718 2890 1857 2974 proprie-

547 2989 644 3047 tatem
672 2981 811 3067 ipsorum
832 3000 1013 3047 mansorum
1040 2981 1229 3046 donavimus
1254 2988 1286 3047 et
1312 3001 1369 3064 per
1389 2988 1553 3065 presentes
1573 2981 1728 3046 donamus
1749 2998 1856 3063 supra-

547 3071 632 3136 dicte
654 3070 787 3135 ecclesie
808 3071 841 3134 iu
862 3070 1035 3135 Waterlere
1057 3077 1209 3154 perpetuo
1236 3069 1472 3155 possidendam.
1514 3072 1550 3136 ln
1578 3071 1669 3135 euius
1697 3069 1743 3134 rei
1771 3069 1857 3134 testi-

546 3161 686 3225 monium
708 3166 871 3243 presentes
892 3159 1014 3224 litteras
1034 3159 1141 3241 sigillo
1163 3160 1298 3225 ecclesie
1318 3167 1423 3226 nostre
1442 3159 1575 3225 lecimus
1595 3158 1746 3226 roborari.

628 3251 743 3313 Actum
763 3254 795 3313 et
816 3248 926 3312 datum
946 3247 1080 3329 Henige‚
1103 3267 1187 3312 anno
1209 3248 1328 3314 domini
1349 3248 1517 3313 millesimo
1539 3247 1631 3313 000ο
1652 3251 1752 3329 sexto,
1779 3246 1858 3316 feria

552 3338 651 3404 tercia
671 3344 746 3403 aute
767 3336 959 3404 dominicam
977 3337 1101 3402 Latere.
1171 3381 1173 3386 ,

624 3455 729 3509 Urscbr.
752 3474 779 3509 4.
798 3455 872 3524 Pcrp.
916 3454 974 3508 Von
997 3453 1057 3508 41444
1083 3453 1304 3523 Caumestes,
1329 3453 1431 3508 41444444
1453 3454 1529 3507 nicht
1548 3453 1658 3508 acbducr
1676 3455 1859 3524 Auesrtlrruup

547 3526 591 3580 4114
618 3525 790 3580 Brustbrlder
813 3525 877 3578 4144-
886 3524 977 3579 14411444
994 3524 1219 3594 Klosterlrcilr'pcn
1241 3531 1323 3580 4444144
1349 3527 1433 3579 ciuem
1455 3523 1674 3594 srdbpotbiscltcu
1701 3471 1859 3580 Bulducltiu

548 3597 623 3666 44491,
641 3596 678 3650 iat
695 3613 751 3649 44444
769 3595 814 3649 cia
831 3595 1003 3650 Brucltstriclr
1020 3595 1147 3649 erbulters.

550 3754 668 3836 neoc.
696 3752 904 3855 seruas.
1790 3751 1857 3832 44.

650 3887 722 3952 Dus
746 3888 878 3953 Kloster
906 3886 1059 3952 Woterler
1083 3887 1196 3951 siclrcrt
1222 3888 1273 3951 dic
1298 3886 1477 3968 0141414114
1500 3887 1610 3951 44444144
1635 3905 1695 3950 cort
1722 3885 1859 3950 Konrad

649 4008 677 4050 o
695 3986 804 4051 11441444
825 3985 987 4067 4414441144
1005 3984 1118 4066 11441444
1138 4004 1180 4049 444
1202 3983 1382 4049 moelem
1406 3985 1521 4048 diesem
1547 3986 1616 4049 444441
1641 3985 1743 4048 4414444
1766 3983 1858 4048 Fruu

651 4086 718 4165 aus
732 4084 925 4160 seersum
949 4083 1031 4147 444414
1056 4083 1159 4147 14414144
1179 4081 1316 4147 4111414444
1338 4083 1434 4146 sollcrs
1458 4083 1504 4146 414
1522 4102 1582 4148 sur
1602 4081 1772 4163 Κ1414144449
1791 4079 1858 4145 mul

647 4183 803 4248 4444414444
828 4181 1122 4259 11144-,8444444441-
1149 4181 1219 4244 aad
1247 4180 1443 4261 Geldspeadc
1470 4181 1515 4244 1444
1534 4181 1663 4245 Klostcr
1691 4179 1860 4244 4444444141
1982 4227 1983 4242 i

652 4281 784 4344 werden.

630 4377 698 4443 Nos
727 4377 883 4442 lebannes
913 4377 965 4443 dei
997 4383 1071 4460 grat
1071 4378 1104 4442 ia
1135 4376 1330 4481 prepositus,
1362 4374 1484 4460 Sophia
1517 4377 1682 4442 abbatissa
1716 4381 1858 4456 totusque
1927 4411 1931 4420 -

551 4474 726 4536 conventus
747 4467 960 4534 monasterii
951 4487 984 4532 ru
1005 4467 1179 4534 Waterlere
1207 4466 1364 4533 universis
1386 4466 1505 4534 Christi
1532 4465 1679 4532 fidelibus
1706 4461 1859 4550 audituris
