4459 5167
826 342 873 403 Nr.
894 342 959 402 lt—
973 345 1013 402 19.
1033 365 1057 403 a.
1080 343 1267 402 taos-1268.
1654 344 1704 402 109

481 499 559 564 Cum
591 498 688 580 igitur
721 506 922 580 prenotatum
954 498 1104 580 scripturn
1134 447 1340 581 ap'ostolicnrn
1369 497 1409 561 de
1435 499 1503 562 loeo
1533 495 1574 560 ad
1601 498 1703 561 lucum

395 590 512 654 deduci
529 608 591 653 non
608 586 775 669 exspediat
789 589 819 665 (l)
837 594 965 671 propter
976 587 1116 670 pericula
1132 587 1309 664 manifesta,
1328 585 1370 650 ad
1386 605 1497 670 preces
1512 588 1704 669 prefatorum

395 680 529 743 fratrum
551 675 672 740 ordinis
692 676 795 739 saneti
811 675 981 756 Augustini
1004 693 1134 756 presens
1155 675 1377 756 transcriptum
1398 674 1430 736 in
1452 683 1557 739 nostre
1571 677 1704 740 visionis

395 766 612 832 testimouium
631 764 761 828 fecimus
782 764 956 847 exemplari
979 772 1009 826 ct
1031 764 1129 827 nostri
1151 761 1248 842 sigilli
1272 762 1444 826 munimine
1465 764 1615 830 roborari.

480 854 597 917 Datum
609 853 642 915 in
652 850 827 932 Moguntia,
839 871 922 916 anno
934 852 1054 916 domini
1066 850 1266 914 M⁰CC⁰LXV
1269 863 1290 929 ⁰,
1304 851 1346 913 ll⁰
1357 851 1655 936 ydusSmptembris
1664 855 1702 934 (l).

411 945 414 948 ’
474 970 580 1024 uren.
606 969 696 1023 wera.
735 967 818 1037 aaa
833 968 909 1022 aaut
925 967 1000 1021 „aar
1018 966 1180 1021 mmmm.

396 1182 508 1263 laur.
537 1179 633 1262 Julr
654 1237 694 1261 ..
721 1178 878 1260 llalnu.
1640 1181 1701 1262 18.

505 1315 647 1393 Wemer,
685 1314 866 1393 Erebdschot
898 1333 957 1376 uon
986 1313 1116 1388 Maiae,
1151 1311 1216 1392 pier
1249 1311 1332 1375 effert
1355 1314 1467 1389 denen,
1503 1314 1611 1377 wehhe
1643 1336 1704 1379 aar

505 1412 699 1493 Voflendaaq
720 1413 775 1476 der
795 1411 1031 1492 uapefuupeacn
1048 1410 1198 1474 Gebdade
1217 1429 1261 1472 aa
1274 1410 1330 1473 der
1350 1409 1588 1491 Himmelpforte
1604 1413 1703 1476 (lorch

493 1509 593 1574 ‘midde
621 1510 730 1574 Guben
757 1510 830 1574 oder
856 1509 967 1572 Arbeit
992 1508 1149 1589 beitraqea
1179 1508 1252 1570 oder·
1277 1509 1491 1589 apperuisset
1523 1508 1628 1590 Teqoa
1654 1511 1704 1572 die

499 1608 617 1688 dortiqe
637 1607 758 1670 Kirehe
776 1606 939 1683 besuchea,
961 1606 1052 1668 elaea
1070 1606 1309 1686 uieretptdpr'pea
1332 1606 1455 1670 Abloss.

477 1723 682 1797 Wemerus,¹
711 1722 763 1787 dei
791 1723 902 1804 gracia
927 1729 1036 1786 sancte
1057 1721 1309 1804 Mogontincnsis
1330 1722 1416 1787 sedis
1437 1723 1704 1807 archiepiscopus,
1760 1751 1763 1758 ¹

394 1811 479 1878 sacri
496 1812 620 1895 imperii
637 1833 695 1895 per
706 1811 911 1878 Germaniam
926 1810 1233 1890 archicancellarius,
1254 1811 1411 1877 universis
1423 1811 1540 1877 Christi
1556 1811 1702 1877 fidelibus

394 1921 454 1985 per
463 1902 660 1984 provinciam
675 1901 949 1983 hloguntinensem
970 1899 1149 1964 constitutis
1167 1899 1300 1964 salutem
1312 1901 1343 1963 in
1361 1900 1498 1965 domino.
1532 1901 1702 1984 Cupientes

393 1990 553 2072 quoslibet
577 1991 609 2054 in
637 1990 761 2055 Christo
783 1989 895 2055 fideles
921 1988 963 2053 ad
991 1989 1075 2053 bona
1095 2008 1193 2070 opera
1214 2009 1270 2072 pro
1290 1990 1391 2054 salute
1412 1989 1550 2072 ipsorum
1569 1990 1702 2073 speciali

394 2080 516 2162 premio
536 2097 723 2163 provocare,
750 2079 895 2142 omnibus
924 2097 999 2142 rere
1019 2076 1236 2160 penitentibus
1257 2083 1288 2142 et
1309 2079 1475 2158 confessis,
1502 2079 1555 2162 qui
1577 2081 1702 2144 dilectis

394 2169 428 2231 iu
446 2168 570 2233 Christo
584 2167 735 2232 fratribus
754 2167 915 2231 heremitis
933 2165 1054 2228 ordinis
1071 2165 1172 2229 sancti
1190 2166 1359 2246 Augustini
1372 2165 1413 2228 ad
1428 2168 1700 2232 consumacionem

394 2256 589 2322 edificiorum
612 2275 737 2321 suorum
760 2256 792 2320 in
814 2256 908 2319 Porta
929 2254 1012 2332 Celi,
1034 2253 1314 2320 Halberstadensis
1335 2254 1495 2337 dyocesis,
1522 2257 1576 2320 ubi
1603 2276 1638 2320 se
1659 2256 1701 2319 ad

393 2345 731 2412 serviendumdomino
749 2350 944 2426 receperunt,
964 2361 1091 2405 manum
1105 2342 1302 2426 porrexerint
1314 2341 1502 2407 adiutricem
1521 2344 1701 2408 elemosinis

394 2436 446 2499 vel
471 2435 597 2515 labore,
623 2453 663 2498 ac
693 2432 916 2496 nichilominus
944 2431 1004 2504 eis,
1032 2431 1142 2512 quiin
1169 2429 1375 2496 dedicacione
1401 2433 1511 2514 templi
1539 2439 1594 2496 aut
1615 2434 1700 2498 festi-

393 2524 547 2589 vitatibus
574 2523 667 2588 beate
689 2522 831 2600 Virginis
857 2521 1022 2602 sanctique
1043 2519 1214 2600 Augustini
1241 2519 1283 2584 ad
1309 2539 1415 2585 eorum
1442 2521 1608 2587 ecelesiam
1630 2541 1699 2586 cum

393 2613 571 2678 devocione
591 2611 784 2676 accesserint
805 2610 983 2689 annuatim,
1004 2609 1113 2673 divine
1136 2608 1380 2691 propiciacionis
1400 2611 1540 2691 graciam
1563 2614 1701 2696 petituri,

394 2703 610 2784 quadraginta
637 2702 705 2765 dies
728 2699 767 2763 de
789 2700 931 2762 iniuncta
951 2697 1012 2762 sibi
1035 2697 1217 2780 penitencia
1238 2699 1483 2764 misericorditer
1510 2702 1699 2782 relaxamus,

392 2791 615 2872 indulgencias
651 2791 753 2854 eciam
792 2786 1023 2853 venerabilium
1058 2787 1188 2851 fratrum
1221 2794 1395 2853 nostrorum
1430 2790 1699 2871 suffraganeorum

392 2881 533 2965 ipsorum
554 2881 686 2943 fratrum
702 2876 955 2943 benefactoribus
972 2877 1031 2940 rite
1049 2876 1142 2939 datas
1158 2874 1349 2940 ratificamus
1365 2883 1397 2943 ct
1412 2888 1521 2960 gratas
1538 2879 1698 2955 habemus,

393 2976 428 3034 ut
448 2971 491 3034 ad
512 2969 646 3033 salutern
667 2965 834 3052 proficiant
855 2966 1039 3029 animarum.

474 3059 593 3123 Datum
614 3057 792 3140 bfaguutie,
813 3075 897 3119 anuo
918 3053 1038 3118 domini
1057 3052 1312 3136 M⁰CC⁰LXVll⁰,
1335 3106 1341 3120 .
1364 3057 1392 3118 ,2
1416 3057 1487 3122 idus
1508 3057 1590 3122 lulii.

467 3175 574 3230 Urechr.
609 3175 697 3228 Wera.
734 3173 795 3226 Das
813 3190 852 3225 aa
878 3171 1157 3225 uemsboumrcollener
1181 3169 1288 3224 &trum
1322 3173 1439 3240 boseetr'pt
1470 3190 1600 3242 parteseae
1625 3175 1699 3228 rothe

402 3245 577 3314 ll'uchesiepel
595 3246 632 3298 r'ct
650 3245 724 3298 nield
743 3243 817 3297 mehr
834 3241 1001 3306 rorlrurulerr,
1020 3257 1076 3294 rear
1095 3241 1138 3294 die
1156 3240 1264 3294 &arnor
1280 3241 1339 3294 aad
1364 3244 1567 3311 ll'uchsspuren.

466 3352 493 3420 1)
517 3350 648 3404 Educta:
671 3351 710 3404 W.
733 3379 767 3387 -—
786 3349 814 3413 2)
833 3346 887 3400 Die
909 3353 982 3400 sorrst
1004 3346 1072 3400 auch
1090 3345 1206 3400 deutlich
1230 3347 1327 3399 leebore
1344 3347 1406 3400 aba
1423 3348 1623 3416 ‹larohfresserre
1640 3349 1699 3402 und

392 3422 488 3474 marte
510 3419 642 3475 Urlurrde
661 3421 710 3472 hut
727 3419 783 3472 hier
801 3420 878 3470 er'nea
896 3417 1032 3484 Schuderr,
1056 3432 1085 3469 so
1103 3417 1168 3468 dues
1189 3416 1232 3469 dfe
1250 3417 1333 3483 Zuhl,
1355 3419 1449 3471 welche
1465 3436 1504 3471 cra
1521 3419 1605 3472 dr'eeer·
1622 3419 1700 3473 Stella

391 3491 477 3545 stand
483 3531 492 3558 ,
511 3491 587 3544 nieht
605 3490 678 3544 mehr
695 3506 730 3542 eu
746 3489 879 3542 erbertum
896 3488 940 3540 ist.

910 3631 1160 3639 ΜΨ-

392 3698 509 3780 laus,
537 3695 634 3780 Juli
651 3698 692 3778 4.
719 3697 885 3778 tloslar.
1632 3699 1694 3780 19.

493 3832 676 3908 Friedrich,
705 3832 836 3913 Bischof
861 3852 920 3895 vert
946 3831 1115 3913 Kurelr'erc,
1135 3833 1200 3912 pibt
1220 3832 1334 3908 decen,
1361 3832 1469 3894 ruehfre
1493 3833 1552 3895 des
1571 3833 1699 3897 Klostcr

494 3929 755 4011 Himmelpforten
775 3929 977 4009 adpetisse
994 3929 1161 4009 Festtcpea
1174 3929 1331 4005 bmrrchea,
1347 3932 1461 4010 oieraip
1479 3930 1562 4011 Tape
1573 3931 1697 3995 Abluss

471 4046 660 4112 Frederious
673 4045 724 4111 dei
739 4046 844 4128 gratia
859 4044 1057 4109 Kareliensis
1070 4045 1248 4129 episcopus,
1268 4063 1325 4129 per
1344 4044 1424 4124 (dei)
1441 4048 1578 4127 gratiam
1591 4053 1696 4130 postu-

389 4138 475 4202 latus
495 4136 598 4202 crucis
609 4137 727 4201 Christi
748 4137 900 4208 minister,
921 4136 1077 4198 universis
1093 4134 1211 4199 Christi
1232 4133 1377 4200 fidelibus
1401 4142 1563 4218 presentes
1576 4135 1698 4202 litteras

392 4226 583 4309 inspecturis
623 4225 756 4290 salutem
789 4224 822 4287 in
856 4223 920 4287 filio
954 4223 1016 4287 dei.
1068 4224 1140 4288 Vite
1168 4224 1338 4308 perhennis
1364 4224 1478 4306 gloria,
1516 4245 1579 4306 qua
1616 4228 1697 4290 mira

391 4316 576 4396 benignitas
600 4314 773 4379 conditoris
793 4313 1069 4392 omniumssbeatam
1090 4321 1220 4378 coronat
1231 4315 1332 4379 aciem
1352 4315 1467 4378 civium
1482 4333 1696 4396 supernorum,

391 4425 412 4468 a
438 4403 611 4486 redemptis
645 4403 751 4486 precio
783 4402 951 4484 sanguinis
987 4400 1049 4466 fusi
1085 4402 1125 4467 de
1152 4404 1295 4485 precioso
1322 4423 1450 4486 corpore
1480 4403 1697 4488 redemptoris,

390 4494 504 4558 merito
523 4494 620 4558 debet
636 4493 756 4575 acquiri
771 4493 897 4558 virtute.
937 4491 1025 4556 luter
1042 4512 1102 4575 que
1124 4492 1202 4557 illud
1224 4512 1293 4557 esse
1315 4493 1492 4577 pregrande
1514 4492 1698 4575 dinoscitur,
