4459 5167
349 1209 634 1292 lota—1128.
1630 1216 1664 1294 1.

467 1330 697 1395 Urlcundlichcr
718 1330 861 1407 Bericht,
888 1334 945 1393 wic
967 1332 1027 1393 das
1047 1328 1137 1413 Dorf
1152 1332 1296 1410 Lunpclrt
1316 1334 1385 1396 dem
1406 1333 1484 1414 stip
1504 1333 1535 1396 S.
1556 1334 1665 1397 Jocobi

457 1449 499 1493 zu
527 1428 684 1509 Bombcry
715 1448 774 1491 oon
800 1429 908 1491 desecat
937 1428 1140 1509 Beprttorler.
1174 1429 1312 1512 Bischos
1335 1430 1501 1493 Hermann
1533 1432 1666 1494 ‹tasdost

458 1530 733 1603 (roos-1075),
760 1526 922 1605 pescocalct
945 1527 1014 1589 und
1042 1531 1137 1590 crater
1164 1527 1272 1590 deseca
1290 1527 1481 1609 Noclrsolper
1505 1528 1665 1609 Ruprcclrt

458 1626 614 1703 (-1102)
640 1624 822 1705 mettremdct
849 1624 970 1697 meroe,
1000 1624 1057 1687 wic
1082 1624 1156 1687 aber
1181 1626 1228 1688 dei
1251 1631 1428 1689 meucrtcr
1451 1626 1665 1707 Eiariclrtunp

461 1722 516 1784 des
536 1720 643 1803 §litteo
663 1741 715 1783 om
736 1724 789 1786 25.
810 1721 882 1784 Jata'
904 1724 987 1784 1109
1007 1720 1146 1802 Bisclrof
1159 1720 1226 1785 Otto
1246 1722 1415 1787 amanen
1435 1724 1534 1787 dieses
1543 1724 1664 1788 Batita-

456 1819 545 1881 tirum
573 1824 650 1899 acts
678 1817 768 1881 Neue
791 1819 947 1899 bcudtiptc
975 1819 1044 1881 aad
1072 1839 1103 1881 es
1127 1819 1191 1881 ilrm
1220 1820 1341 1883 crodlr'clr
1370 1825 1456 1886 1128
1483 1842 1537 1885 vor
1562 1822 1665 1884 sanc·

459 1916 562 1981 Folrrt
580 1916 661 1979 acolt
685 1912 847 1979 Pcmmem
867 1914 1024 1979 marnac
1042 1915 1220 1980 commeate.

438 2034 619 2118 incipiuntl
639 2038 831 2097 testamenta
855 2037 886 2095 et
908 2032 1129 2096 annotationes
1156 2030 1335 2115 prediorum
1358 2040 1390 2095 ct
1412 2032 1544 2095 aliorum
1565 2034 1663 2098 douo-

352 2146 433 2203 rum,
455 2143 519 2206 qus
540 2124 598 2186 sub
618 2120 769 2206 episcopo
781 2121 896 2186 Ottonc
918 2122 1123 2204 etpreposito
1136 2120 1329 2199 Eberhardo,
1351 2121 1430 2204 ipsis
1449 2122 1663 2187 mediantibus

351 2224 385 2279 et
406 2213 601 2277 donantibus
619 2210 670 2277 vcl
692 2210 912 2289 efficientibus,
933 2210 1135 2275 collatusunt
1155 2217 1188 2274 ct
1209 2210 1393 2274 confirmata
1407 2212 1545 2294 ecclesie
1560 2213 1663 2277 sancti

352 2302 463 2367 iacobi
482 2321 502 2365 a
527 2301 628 2365 ostoli.

436 2322 694 2455 'Postllrmcntum2
715 2387 756 2451 de
778 2387 931 2468 Langala.
976 2388 1116 2452 Notum³
1136 2387 1178 2451 sit
1198 2386 1344 2451 omnibus
1365 2386 1483 2451 Christi
1504 2388 1661 2469 fidelibus,
1736 2434 1739 2438 -

354 2480 441 2563 quod
473 2478 550 2543 villa
571 2476 716 2557 Langala
748 2496 818 2540 cum
849 2476 1018 2559 mancipiis
1051 2476 1213 2557 utriusque
1241 2494 1335 2539 sexus
1362 2482 1394 2539 et
1418 2477 1492 2539 aliis
1517 2478 1663 2543 omnibus

352 2568 547 2634 utilitatibus
580 2564 697 2629 tradita
723 2571 771 2628 est
801 2564 937 2647 ecclesis
963 2568 1065 2629 sancti
1094 2564 1201 2629 iacobi
1229 2584 1249 2627 a
1277 2571 1488 2631 constructore
1520 2567 1661 2631 eiusdem

352 2658 494 2740 ecclesie
517 2656 728 2724 Hcremanuo,
752 2653 1027 2735 Babcnbergensis
1049 2652 1136 2716 sedis
1154 2654 1313 2735 episcopo.
1355 2654 1419 2717 Sed
1441 2674 1461 2716 a
1482 2674 1662 2720 successore

352 2747 424 2810 cius
445 2744 597 2825 Rdberto,
623 2742 697 2807 Vll⁰
720 2741 994 2823 Babcnbcrgeusis
1021 2739 1107 2806 sedis
1135 2743 1300 2825 episcopo,
1325 2742 1582 2807 machinantibus
1603 2744 1662 2807 ini-

353 2837 428 2917 quis
454 2832 659 2911 consiliariis,
688 2831 800 2895 cadem
826 2831 903 2893 villa
932 2830 1068 2911 ecclesie
1094 2830 1196 2893 sancti
1217 2830 1327 2892 iacobi
1350 2841 1398 2894 est
1418 2832 1524 2897 allata.
1543 2840 1546 2844 '
1568 2832 1662 2910 Quod

352 2942 551 3007 cognoscens
579 2919 771 2986 venerabilis
793 2919 882 2999 Otto,
911 2918 994 2981 Vlll.
1018 2916 1162 3000 predicte
1183 2917 1458 2999 Babenbergensis
1486 2921 1573 2984 sedis
1597 2922 1662 3005 epi-

353 3030 480 3095 scopus,
502 3011 612 3075 villum
634 3007 809 3093 predictum
829 3026 899 3071 cum
920 3010 1005 3069 ornni
1026 3006 1164 3069 utilitato
1185 3015 1295 3070 sancto
1307 3007 1423 3072 Iacobo
1446 3028 1502 3090 pro
1521 3009 1662 3072 remedio

353 3102 463 3182 anime
484 3118 541 3181 sue,
561 3098 745 3179 recognovit
765 3103 797 3161 et
818 3096 960 3159 restituit.
1004 3094 1044 3157 Et
1070 3103 1105 3158 ut
1125 3094 1218 3158 huius
1241 3095 1464 3176 recognitionis
1486 3105 1518 3160 et
1539 3098 1662 3161 restitu-

354 3189 453 3253 tionis
474 3186 630 3252 certitudo
651 3184 740 3249 firma
761 3189 955 3269 permaneat,
979 3182 1097 3263 statuit,
1120 3193 1153 3246 nt
1174 3185 1255 3247 ultra
1277 3191 1400 3265 ceteras
1415 3184 1576 3264 utilitates,
1599 3204 1662 3267 que

354 3296 394 3340 ex
424 3275 535 3341 eadem
562 3276 640 3338 villa
657 3274 804 3355 'ecclesie
834 3278 865 3335 et
893 3272 1043 3336 fratribus
1069 3274 1233 3336 annuatim
1261 3273 1429 3348 debentur,
1456 3273 1489 3337 in
1517 3273 1662 3337 anniver-

353 3366 439 3429 sario
461 3367 561 3448 ipsius
582 3363 744 3427 servitium
767 3362 942 3445 plenarium
964 3360 1115 3425 fratribus
1136 3360 1236 3424 detur.

438 3454 519 3516 Acts
550 3458 622 3516 sunt
654 3450 715 3531 hec
745 3470 828 3515 anno
857 3447 976 3512 domini
998 3448 1210 3529 M⁰C⁰Vllll⁰,
1239 3448 1413 3513 indictione
1440 3451 1593 3530 secunda,
1628 3452 1661 3515 in

351 3542 590 3605 consecratione
618 3538 755 3621 ecclesie
783 3540 884 3601 sancti
911 3537 1060 3615 Iacobi4,
1089 3538 1148 3601 sub
1170 3538 1350 3602 testimonio
1376 3538 1530 3617 omnium,
1553 3541 1605 3621 qni
1628 3541 1660 3602 in

353 3630 467 3693 eadem
492 3629 726 3693 consecratione
737 3626 901 3691 affuerunt.
937 3664 942 3667 -
983 3624 1164 3691 Decodcm.
1209 3626 1295 3689 ldem
1307 3627 1499 3692 venerabilis
1510 3630 1584 3693 Otto
1596 3632 1661 3711 opi·

354 3737 470 3802 scopus
492 3738 574 3783 anno
594 3716 714 3782 dourini
735 3714 959 3794 M⁰XX⁰Vlll⁰,
982 3714 1156 3780 indictione
1177 3714 1243 3793 VI³,
1274 3715 1374 3779 iturus
1397 3715 1439 3778 ad
1459 3716 1662 3799 Bomerauos,

353 3806 553 3870 confirmavit
587 3804 720 3871 eandem
746 3812 945 3886 prenotatam
978 3805 1225 3885 recognitionem
1255 3805 1358 3869 sancti
1382 3804 1491 3870 lacobi
1523 3806 1555 3868 in
1580 3826 1662 3888 cena
1746 3820 1751 3827 ·

355 3894 475 3959 domini
497 3895 530 3957 in
550 3893 660 3958 maiori
682 3894 819 3973 ecclesia
840 3900 914 3956 ante
933 3893 1035 3957 altare
1056 3894 1158 3957 sancti
1182 3893 1266 3957 Petri
1288 3894 1346 3958 sub
1368 3894 1548 3958 testimonio
1564 3894 1660 3959 Eber-

355 3984 446 4048 hardi
470 3983 636 4067 prepositi,
660 3980 813 4063 Egilberti
836 3982 967 4061 decani,
987 3981 1145 4063 theliui,
1166 3981 1319 4046 Fridcrici
1342 3982 1448 4047 fratris
1468 3983 1608 4067 episcopi
1631 3990 1663 4049 et

355 4072 488 4137 aliorum
509 4072 684 4135 multorum.

433 4160 476 4223 llt
511 4159 695 4241 quomod0⁵
729 4158 812 4222 idem
845 4160 942 4242 beate
980 4160 1133 4241 memorie,
1164 4160 1357 4224 venerabilis
1388 4160 1462 4224 Otto
1493 4160 1661 4245 episcopus

355 4250 523 4325 ecclesiam
542 4250 643 4313 sancti
665 4248 772 4313 Iacobi
794 4248 855 4313 deo
876 4256 908 4312 ot
928 4256 1037 4312 sancto
1058 4247 1176 4313 Iacobo
1199 4247 1382 4313 iamdudum
1404 4250 1661 4330 desponsaverat,

355 4344 595 4403 consecraverat
614 4344 645 4400 ct
666 4356 721 4419 per
742 4336 850 4400 villam
872 4336 1017 4417 Longula
1037 4335 1213 4400 dotaverat.

433 4428 469 4490 ln
499 4426 712 4490 testimonium
744 4426 889 4509 predicte
915 4424 1142 4506 recognitionis
1170 4426 1296 4489 anulum
1319 4444 1408 4488 suum
1431 4444 1489 4509 per
1509 4424 1661 4505 Wignan·

355 4514 426 4580 dum
448 4514 598 4579 abbatem
621 4512 866 4578 Taressenscm⁰
891 4533 930 4576 eu
950 4514 1062 4577 itinero
1086 4514 1207 4578 remisit
1226 4514 1386 4597 preposito
1405 4512 1606 4592 Eberhardo,
1629 4521 1664 4577 ut

1457 4616 1494 4669 1*
