4459 5167
846 333 894 388 Νι.
912 333 1000 390 4-7.
1018 351 1044 390 ι
1064 335 1254 390 1262--1264.
1658 336 1707 391 uel

398 481 444 546 ad
473 482 686 548 venerabilem
714 483 842 548 fratrem
869 489 1008 550 nostrum
1035 485 1307 569 archiepiscopum
1332 483 1622 570 maguntinensem,
1652 487 1713 553 loci

398 573 676 654 metropolitanum
698 593 775 640 voce
796 574 1025 659 appellationis
1044 575 1176 656 emissa,
1206 575 1384 642 huiusmodi
1408 576 1636 660 appellationis
1656 595 1712 641 suc

399 681 530 728 cansam
556 663 680 728 decano
706 669 738 729 et
765 663 934 730 scolastico
960 664 1094 730 ecclesie
1120 671 1230 730 sancte
1255 665 1366 730 Crucis
1391 663 1643 730 Hildcsemensis
1670 665 1711 730 ab

399 751 514 817 eodem
534 753 774 838 archiepiscopo
794 753 958 818 obtinuere
981 754 1149 833 committi,
1167 774 1187 819 a
1207 752 1322 834 quibus
1343 753 1459 837 prelati
1480 753 1660 838 prepositus
1681 760 1713 818 et

403 839 593 923 capitulum,
614 861 653 905 ex
675 861 713 906 eo
734 842 907 908 sentientes
930 841 1071 909 indebite
1092 863 1126 908 se
1147 843 1293 926 gr·avari,
1315 842 1415 925 quod,
1437 843 1524 926 ipsos
1544 843 1586 906 sd
1612 842 1712 908 locum

399 931 537 996 citantes
562 951 625 997 non
651 938 767 1014 tutum,
795 932 892 997 alium
919 933 966 997 eis
995 940 1105 997 contra
1133 933 1286 997 iustitiam
1314 931 1516 1016 denegebant
1547 933 1712 1014 assignare

400 1040 545 1086 securum
567 1020 727 1086 humiliter
749 1023 909 1106 requisiti,
937 1030 1076 1088 nostram
1097 1021 1292 1088 audientiam
1321 1022 1532 1108 appellarunt.
1575 1020 1714 1104 Ideoque

401 1109 588 1175 discretioni
614 1119 718 1176 vestre
746 1131 804 1194 per
830 1112 1006 1195 apostolica
1029 1112 1149 1196 scripta
1176 1111 1380 1192 mandamus,
1406 1119 1560 1194 quatenus
1582 1111 1713 1190 vocatis,

399 1199 455 1282 qui
483 1199 600 1266 tuerint
627 1202 801 1284 evocandi,
830 1212 862 1268 ct
888 1201 1009 1266 auditis
1035 1200 1186 1266 hincinde
1207 1201 1391 1284 prepositis,
1421 1199 1505 1284 qnod
1527 1200 1712 1266 canonicum

402 1290 508 1369 siverit,
529 1290 744 1374 appellatione
765 1291 944 1376 postposita
966 1292 1129 1372 statuatis,
1151 1291 1303 1356 iacientes
1328 1289 1412 1373 quod
1432 1291 1636 1356 decreveritis
1658 1310 1715 1376 per

402 1398 569 1444 censuram
590 1380 839 1446 ecclesiasticam
860 1379 992 1446 firmiter
1017 1381 1189 1446 obscrvari.
1231 1379 1344 1446 Testes
1370 1388 1492 1457 autern,
1518 1379 1570 1463 qui
1597 1380 1714 1445 luerint

398 1468 572 1549 nominati,
606 1470 634 1534 si
662 1489 696 1534 se
720 1470 826 1551 gratia
857 1469 931 1534 odio
962 1469 1014 1536 vel
1047 1471 1158 1534 timore
1188 1470 1419 1552 subtraxerint,
1453 1488 1585 1534 censura
1615 1469 1713 1533 simili

400 1557 619 1642 appellatione
649 1565 793 1624 cessante
821 1559 945 1642 cogatis
972 1559 1099 1623 veritati
1127 1559 1340 1624 testinnonium
1368 1558 1543 1642 perbibere.
1591 1557 1711 1636 Quodsi

398 1668 462 1712 non
483 1667 591 1713 omnes
612 1649 675 1713 biis
696 1649 908 1733 exsequendis
929 1649 1096 1732 potueritis
1118 1651 1285 1728 interesse,
1307 1648 1370 1712 duo
1392 1656 1529 1714 vestrum
1551 1667 1591 1713 ea
1612 1647 1712 1714 nichi-

399 1736 536 1801 lominus
556 1745 763 1820 exequantur.

481 1827 599 1893 Datum
624 1826 715 1912 ‚apud
741 1827 997 1894 Urbemveterem
1030 1826 1103 1892 idus
1133 1825 1346 1911 Septembris,
1378 1826 1581 1910 pontificatus
1614 1828 1712 1894 nostri

398 1937 484 1982 anuo
505 1917 606 1982 tertio.

476 2034 609 2102 Uracltrilt
633 2037 681 2091 mit
704 2035 896 2104 amurcarum
917 2035 999 2090 Bolis
1025 2036 1063 2090 im
1087 2035 1185 2104 labripl.
1208 2033 1374 2090 fflcmtsorclr.
1405 2051 1440 2088 au
1464 2033 1557 2104 Mauo.
1594 2033 1710 2104 (bptbllu

399 2105 445 2161 dea
467 2105 493 2160 S.
511 2106 674 2174 dou-Stiria
691 2108 722 2161 in
740 2106 821 2161 Halo.
839 2125 865 2160 ιι.
884 2125 910 2161 o.
932 2107 962 2163 0.

401 2387 515 2470 1263.
541 2386 783 2470 November
804 2385 871 2470 20.
897 2384 1173 2484 llagdeburg.
1668 2383 1707 2466 6.

501 2539 565 2604 Dic
587 2561 655 2604 uma
678 2539 792 2620 Papstc
819 2543 995 2604 comatulus
1022 2535 1150 2602 Richter
1179 2539 1213 2601 irc
1239 2537 1295 2601 der
1315 2535 1499 2602 Streitsccbe
1524 2555 1626 2618 suspen
1657 2537 1711 2600 des

503 2638 691 2721 Psorrlelms
722 2659 764 2704 acc
787 2637 851 2702 Lcr
882 2638 1064 2718 ilbertropcn
1101 2637 1184 2700 (iisse
1211 2635 1450 2718 Aupelcpcrulrcil
1479 2635 1547 2700 dem
1574 2635 1637 2700 Aut
1667 2655 1709 2700 act

501 2736 733 2802 Sittielccubccb.

480 2853 668 2920 Honorabili
698 2853 768 2920 viro
805 2852 933 2921 domino
963 2853 1074 2919 abbati
1107 2853 1149 2918 de
1182 2853 1308 2919 Sicbem
1340 2849 1559 2917 Cisterciensis
1590 2849 1710 2916 ordinis

400 2945 679 3011 Halberstadensis
704 2943 851 3028 dyocesis
878 2940 1124 3030 Th(e0dericus)
1152 2942 1204 3008 dei
1231 2942 1337 3026 gratia
1364 2940 1518 3022 decanus,
1547 2939 1707 3006 walcerus

399 3036 440 3100 de
467 3034 573 3099 llisna
603 3040 637 3098 et
661 3033 889 3098 Wichmannus
920 3032 961 3098 de
990 3033 1142 3112 Barboie,
1173 3031 1317 3098 canonici
1351 3029 1480 3094 maioris
1508 3028 1641 3094 ecclesie
1674 3031 1707 3094 in

400 3123 632 3207 llagdeborcb,
661 3122 784 3188 iudices
811 3142 832 3186 a
857 3123 933 3188 sede
960 3123 1137 3205 apostolica
1162 3120 1316 3202 delegati,
1340 3117 1499 3184 orationes
1527 3119 1559 3182 in
1583 3117 1710 3184 Christo

399 3217 533 3281 devotas
553 3221 586 3280 et
605 3220 750 3298 paratam
779 3212 821 3276 ad
839 3213 945 3278 omnia
966 3213 1170 3278 voluntatem.
1212 3211 1348 3275 litteras
1370 3207 1490 3274 domini
1517 3226 1601 3291 pape
1624 3226 1706 3274 rece-

398 3306 504 3398 pimus
536 3304 569 3368 in
605 3304 664 3368 bec
683 3303 796 3368 verba:

480 3391 628 3458 Urbanus
648 3393 816 3476 episcopus
834 3392 879 3472 (cs
900 3391 977 3472 folql
996 3390 1055 3454 dus
1076 3389 1238 3454 Sclrrcibeu
1258 3407 1325 3456 com
1346 3398 1397 3458 13.
1419 3393 1499 3473 sept.
1522 3391 1634 3469 1263).

399 3484 477 3548 Cum
507 3481 604 3563 igitur
628 3481 702 3546 buic
732 3501 828 3545 cause
854 3481 1007 3546 iuteresse
1039 3500 1100 3546 non
1126 3481 1300 3564 possimus,
1331 3483 1405 3550 aliis
1436 3481 1544 3548 arduis
1571 3478 1709 3562 negotiis

398 3571 573 3657 prepediti,
602 3571 785 3636 discretioni
816 3577 919 3634 vestre
946 3589 1073 3634 oausam
1107 3571 1354 3653 subdelegantes
1387 3572 1536 3650 eandem,
1569 3567 1708 3633 totaliter

397 3661 620 3727 committimus
642 3661 728 3726 vices
748 3667 872 3725 nostras
899 3659 1095 3741 iniungendo
1115 3659 1207 3726 vobis
1233 3667 1389 3744 quatenus
1412 3657 1591 3747 procedatis
1612 3657 1644 3721 in
1668 3675 1707 3720 ea

399 3751 570 3818 secundum
592 3750 781 3815 directarum
803 3751 895 3814 nobis
915 3750 1141 3815 continentiam
1165 3751 1349 3817 litterarum.

479 3843 596 3907 Datum
613 3839 827 3924 blagdeborcb
849 3859 933 3906 anno
946 3838 1064 3904 domini
1076 3839 1317 3924 M⁰CC⁰LXIII⁰,
1339 3843 1410 3907 ΧΠ.
1429 3841 1493 3908 kal.
1513 3837 1707 3906 Decembris.

399 3977 653 4116 erysimum?
673 3975 813 4100 {shepeia
837 3978 875 4029 im
898 3977 995 4047 kosmi
1016 3977 1182 4033 chbarcb
1210 3996 1244 4034 au
1263 3979 1356 4049 lllapri.
1394 3977 1508 4048 (loruulb.
1535 3977 1561 4033 d.
1584 3977 1612 4034 S·
1633 3977 1706 4034 Jalu-

400 4191 514 4343 rcus.
537 4258 704 4341 111126.
733 4257 1026 4342 llalberstadt.
1670 4261 1705 4342 7.

499 4411 816 4477 subamara-time
836 4412 1073 4496 Eutsclces'duup
1096 4414 1248 4479 crocotas
1269 4415 1337 4480 ‹lcru
1359 4413 1389 4480 S.
1411 4414 1638 4495 Jelvurrru‘sslifl
1664 4432 1707 4478 aa

497 4509 703 4578 Boubastou
722 4511 792 4576 uod
816 4511 885 4576 dem
907 4509 1042 4594 Pfurrcr
1063 4512 1215 4581 Harum
1240 4533 1282 4582 au
1302 4512 1441 4580 Huimm
1461 4512 1560 4578 dubio
1579 4510 1706 4593 pelrmd,
