4459 5167
510 333 561 389 164
820 328 982 400 Augrntiner
998 331 1246 388 Einsiedlerklcster
1264 331 1492 404 HimmeIpiorten.
1573 386 1576 392 .

510 483 554 548 ad
574 501 627 547 eos
648 480 878 564 possessionem
899 481 967 545 eius
987 479 1148 544 transtulit
1169 485 1202 546 et
1220 481 1289 563 ipse
1308 473 1368 545 iuri
1390 501 1446 546 suo
1463 485 1496 547 et
1511 481 1708 566 proprietati,
1730 481 1813 564 quod

497 574 545 636 -iu
565 571 651 635 dicto
672 569 854 634 molendino
875 569 995 651 habuit,
1016 571 1156 634 totaliter
1176 570 1298 652 absque
1319 569 1510 652 exceptione
1530 570 1625 654 plane
1648 578 1681 636 et
1691 570 1815 653 integre

511 660 608 726 cessit
637 659 671 724 in
699 657 871 724 remedium
897 677 1021 723 suorum
1048 665 1249 743 peecatorum
1276 664 1308 723 et
1336 659 1441 723 anime
1470 658 1816 742 snebencdictionem,

511 768 605 832 quam
626 766 661 813 se
680 747 872 831 prefatorum
891 747 1073 811 devotorum
1086 753 1212 830 patrum
1225 747 1403 811 interventu
1418 745 1561 811 obtinere
1575 765 1669 829 posse
1680 744 1816 811 fideliter

510 846 543 904 et
561 837 689 902 firmiter
708 836 908 920 presumpsit.
938 835 1041 918 Super
1061 835 1177 917 quibus
1188 835 1333 900 omnihus
1354 834 1532 917 etsinguIis
1545 835 1707 918 premissis
1722 854 1742 898 a
1755 855 1816 917 me,

511 929 634 995 notario
655 926 783 1010 publico
803 925 1018 1008 infrascripto,
1046 924 1181 1007 petitum
1201 923 1261 986 fuit
1281 924 1323 989 ab
1343 929 1475 1005 utraque
1497 931 1601 1006 parte,
1625 929 1659 986 ut
1680 922 1816 1007 desuper

509 1014 605 1083 unum
631 1015 682 1080 vel
717 1015 809 1098 plura
842 1013 1002 1096 publicum
1034 1031 1090 1076 seu
1119 1011 1249 1096 publica
1280 1012 1463 1078 conficerem
1491 1013 1731 1077 instrumentum
1758 1030 1814 1076 seu

511 1106 728 1183 instrumenta,
747 1108 794 1168 tot
813 1107 890 1183 quot
908 1102 1011 1166 forent
1030 1102 1220 1167 necessaria.

589 1193 670 1258 Acta
697 1197 772 1256 suut
796 1190 854 1254 hec
879 1208 978 1270 anno,
1004 1190 1191 1271 indictione,
1218 1188 1417 1274 pontificatu,
1444 1207 1567 1268 mense,
1594 1189 1666 1269 die,
1686 1187 1762 1253 hora
1783 1193 1816 1253 et

511 1284 579 1348 loco
600 1281 714 1363 quibus
731 1298 837 1364 supra,
858 1279 1057 1362 presentibus
1078 1279 1197 1345 ibidem
1219 1286 1345 1345 strenuo
1367 1279 1538 1362 Riprechto
1563 1278 1603 1344 de
1624 1277 1816 1362 Sohyrstede

510 1375 542 1434 et
561 1366 752 1448 Henningho
772 1366 906 1448 Walter,
927 1365 1089 1450 oppidano
1110 1365 1388 1448 Wernigerodensi
1398 1371 1418 1442 ¹,
1441 1365 1575 1432 testibus
1595 1364 1638 1430 ad
1659 1367 1815 1451 premissa

509 1457 631 1522 vocatis
652 1455 770 1540 pariter
789 1463 822 1518 et
842 1455 971 1538 rogatis.

587 1543 931 1628 (Notumotcaeirlrerrj‘
1349 1619 1352 1624 Ι

659 1634 701 1699 Et
721 1635 780 1716 e'gc
802 1633 959 1697 iohannes
978 1631 1118 1713 Gerwer,
1139 1632 1271 1696 clericus
1284 1631 1538 1714 Maguntinensis
1556 1632 1703 1715 dionesie,
1724 1652 1815 1698 sacra

609 1723 719 1807 imper.
741 1729 823 1786 auct.
845 1729 945 1786 notar.
966 1722 1126 1805 publicus,
1153 1722 1229 1803 quia
1249 1729 1307 1787 etc.
1331 1721 1550 1801 (pewdtnlr'chc
1578 1721 1814 1803 Uetersdrrr'fts-

585 1929 690 1985 Uracirr.
708 1929 765 1996 aas
780 1927 900 1997 Perpam.
918 1929 957 1981 im
974 1927 1146 1982 Studtrrrciric
1162 1945 1197 1982 rc
1212 1929 1403 1998 Wer’rrr'pcrode.

581 2035 609 2101 1)
627 2034 743 2104 oppidati
760 2034 978 2103 Wernigerodefr.

512 2190 628 2274 1466.
654 2188 762 2272 Juni
779 2189 818 2270 3.
871 2187 1043 2269 Parma.
1749 2189 1811 2271 91,
1848 2249 1852 2256 .

610 2321 679 2388 Der
706 2322 931 2388 Generalvicar
954 2323 1008 2386 des
1033 2322 1233 2402 Aupustiner
1258 2323 1550 2388 Eiasiedlerordeac
1577 2328 1718 2404 portatici
1745 2324 1813 2387 dem

613 2421 794 2486 Revinaial
814 2421 869 2484 der
891 2419 1091 2485 dersism
1110 2419 1246 2486 Itoniae
1265 2443 1297 2485 a.
1318 2423 1374 2499 A,
1402 2423 1453 2485 die
1474 2442 1535 2485 aas
1555 2422 1616 2485 den
1638 2421 1812 2487 &aventon

607 2539 650 2585 au
669 2518 867 2599 Mopdeburp
892 2517 962 2580 aad
982 2516 1242 2598 Himnaelpsortcn
1265 2521 1483 2583 aeetreteudcn
1505 2518 1635 2582 Braider
1661 2519 1697 2582 in
1722 2518 1813 2599 peden

611 2617 748 2682 &accat
771 2616 827 2680 der
854 2615 1051 2697 resormirten
1077 2614 1251 2682 obscoena
1269 2617 1514 2698 defraudamus,
1540 2617 1577 2680 a'u
1602 2617 1663 2680 den
1682 2617 1728 2681 sie
1747 2617 1813 2680 cia·

606 2717 746 2779 cauden
766 2713 931 2777 mmmm
950 2714 1121 2796 (Arsam).

589 2829 807 2895 concessimus
825 2829 915 2893 fratri
938 2828 1076 2894 Henrico
1095 2828 1243 2912 Modege,
1270 2829 1457 2914 provinciali
1480 2829 1627 2894 Saxoniae
1648 2838 1680 2895 et
1701 2830 1812 2896 bacca-

510 2918 617 2983 laureo
642 2919 788 2999 formato,
824 2916 909 2999 quod
940 2923 1052 2999 quater
1076 2919 1109 2983 in
1130 2938 1213 2983 anno
1243 2925 1351 3002 posset
1383 2920 1556 2984 concedere
1589 2919 1812 2985 authoritatem

509 3015 648 3073 nostram
672 3005 976 3071 omnibusfratribus
997 3025 1062 3070 suaa
1079 3007 1260 3090 provinciae,
1282 3027 1346 3089 qua
1357 3014 1487 3092 possent
1507 3009 1630 3074 absolvi
1651 3009 1693 3074 ab
1714 3009 1815 3073 omni-

508 3097 568 3163 bus
594 3095 735 3180 peccatis
761 3096 844 3174 suis,
870 3093 953 3158 sicut
977 3095 1190 3160 concessimus
1218 3097 1301 3179 patri
1322 3097 1440 3162 Joanni
1461 3096 1501 3162 de
1522 3098 1674 3179 Dorsten,
1702 3099 1812 3163 bacca-

509 3187 617 3251 laureo
647 3187 796 3262 formato,
834 3180 919 3262 quod
949 3182 1091 3247 valerent
1125 3185 1285 3267 suscipere
1316 3185 1348 3247 in
1379 3185 1587 3252 universitate
1616 3185 1812 3252 Erfordiensi

511 3276 652 3358 insignia
684 3271 892 3354 magistralia.
943 3271 1023 3336 item
1055 3273 1266 3338 concessimus
1298 3272 1400 3339 eidem
1435 3274 1597 3340 licentiam
1637 3275 1813 3340 collocandi

510 3382 711 3447 quoscunque
744 3362 857 3426 fratres
888 3359 1072 3426 recedentes
1100 3359 1149 3426 »de
1177 3369 1334 3427 conventu
1362 3362 1631 3446 Magdeburgensi
1660 3371 1692 3428 et
1717 3365 1812 3429 Porta

509 3453 588 3518 Coeli
617 3447 841 3534 incorporandi
865 3450 1056 3515 authoritate
1082 3451 1243 3515 nostruin
1264 3471 1448 3533 quocunque
1469 3459 1626 3518 conventu
1647 3451 1687 3518 de
1707 3454 1811 3518 obser-

508 3542 619 3608 vantia
645 3539 691 3604 eis
711 3538 815 3603 visum
836 3537 931 3601 suerit
951 3546 1151 3622 oportunum,
1178 3539 1288 3618 etiam,
1318 3559 1357 3603 ne
1377 3541 1514 3606 studium
1536 3541 1810 3624 Magdeburgense

507 3637 625 3714 pereat,
646 3626 858 3693 concessimus
878 3625 982 3692 eidem
1002 3646 1097 3711 super
1118 3627 1291 3711 predictum
1315 3635 1501 3694 conventum
1522 3637 1555 3695 et
1573 3649 1667 3714 super
1683 3631 1810 3694 tiatrem

508 3717 668 3781 Andream
688 3715 796 3780 Proles
816 3714 973 3780 lectorem.

586 3805 704 3869 Datum
723 3803 853 3877 Parmae,
874 3805 912 3882 [a.
935 3803 966 3866 d.
990 3799 1079 3890 1465]
1100 3807 1129 3869 3.
1149 3804 1246 3887 Junij.

579 3921 715 3990 Excerpta
731 3937 765 3975 ex
781 3919 902 3988 registris
911 3921 961 3979 vic.
979 3937 1068 3989 gener.
1077 3923 1135 3976 cod.
1152 3923 1199 3976 lat.
1215 3922 1293 3988 8423,
1312 3921 1338 3977 S.
1349 3923 1402 3978 458
1418 3927 1474 3992 auf
1488 3923 1536 3979 der
1544 3923 1619 3992 Hof-
1637 3925 1696 3979 aad
1705 3925 1809 3981 Stacta-

505 3992 643 4048 boletar
658 4008 694 4045 ru
711 3989 856 4044 Mdrrdrca.

506 4155 832 4239 1466666112.
885 4155 1265 4257 Hlmmelpiorteu.
1742 4161 1807 4243 92.

604 4291 753 4355 Andreas
774 4289 893 4368 Proles,
919 4290 1013 4356 Viear
1039 4291 1094 4354 der
1114 4291 1312 4371 acrostico
1334 4290 1513 4358 Eiusiedler
1537 4315 1595 4359 uon
1621 4297 1679 4360 dor
1701 4295 1808 4360 Obser-

602 4408 682 4453 vane
700 4389 736 4452 ia
757 4388 901 4466 &caea
922 4389 1034 4452 uimmt
1053 4389 1112 4450 uas
1132 4388 1450 4470 Joopfrcoeculostcr
1461 4389 1654 4473 Dcmeburp,
1676 4391 1807 4456 Didcesc

601 4486 804 4582 Hildeslreim,
829 4488 866 4550 ¹irc
886 4487 938 4551 die
958 4487 1189 4568 Brtiderscdufi
1208 4487 1263 4551 der
1283 4486 1322 4551 K
1325 4489 1415 4554 ldster
1434 4491 1534 4554 semes
1554 4489 1713 4556 Wcaricis
1733 4492 1805 4574 uus.
