4459 5167
830 302 957 357 11088-
977 303 1018 357 ut.
1037 320 1062 357 a
1084 302 1159 355 11135.
1184 301 1258 357 lituu.
1655 302 1707 357 333

396 452 596 519 sacrosancti
614 454 783 533 sanguinis
804 452 919 515 Christi
950 452 982 515 in
1004 450 1177 515 ll'utcrlcre
1206 472 1262 533 pro
1284 450 1454 516 relevanda
1473 469 1581 515 earnm
1603 470 1707 517 ncces-

395 542 513 621 sitate‚
537 560 602 623 qus
626 542 688 607 ben
707 541 875 625 plurimum
895 548 1083 621 gravantur,
1104 539 1190 605 dioto
1211 540 1400 605 monasterio
1420 540 1708 605 sanctimonialium

397 630 558 697 decimam
581 630 741 697 novalium
763 628 952 695 bubenoinm
972 646 1028 692 sex
1055 627 1168 709 iugera
1195 628 1228 691 iu
1256 646 1401 691 mensure
1428 628 1492 692 sita
1517 648 1600 693 nune
1625 630 1708 695 inirs

398 726 494 804 septa
521 721 607 786 curie
642 721 772 785 claustri
799 718 915 783 iutuitu
941 716 994 783 dci
1022 716 1196 783 liberaliter
1222 716 1410 783 donavimus
1446 718 1708 801 presentibusque

399 809 572 890 donamus,
601 810 647 875 ita
673 817 707 875 ut
734 828 755 873 0
779 808 978 893 prestatione
1006 806 1130 873 decime
1154 808 1245 873 uobis
1271 814 1302 871 et
1328 808 1443 871 uostris
1474 808 1708 875 suecessoribus

400 898 511 963 debite
530 907 563 963 et
579 898 675 964 dictis
696 898 864 965 novalibus
884 902 949 963 tam
970 899 1003 961 in
1023 897 1177 962 frnalibus
1197 916 1292 979 quam
1313 897 1346 961 in
1368 895 1544 979 pecudibus
1565 905 1596 962 et
1618 918 1707 981 peco-

401 988 490 1053 ribus
509 988 670 1071 sepeclictc
689 987 843 1053 moniales
867 1006 950 1051 nunc
969 993 1002 1051 et
1023 986 1264 1070 inperpetuum
1286 986 1349 1049 siut
1370 986 1468 1051 libere
1493 994 1525 1050 et
1552 992 1708 1069 exempto.

402 1077 438 1141 ln
459 1077 550 1142 cuius
575 1078 762 1143 donacionis
788 1085 893 1141 nostre
919 1075 1132 1142 testimonium
1159 1075 1291 1140 evidens
1312 1075 1451 1157 sigillum
1472 1082 1610 1139 nostrum
1639 1096 1708 1160 pre-

401 1166 547 1233 sentibus
566 1173 615 1232 est
635 1187 810 1252 appensum
827 1165 1145 1249 comsubscripcioue
1163 1166 1299 1243 testium,
1320 1164 1468 1231 videlicet
1479 1164 1709 1230 honorabilium

402 1256 540 1319 uirorum
567 1254 765 1321 dominorum
797 1256 905 1320 laeobi
937 1253 1051 1319 decani
1082 1260 1115 1317 et
1148 1252 1293 1335 magistri
1319 1252 1505 1335 Tbemonis,
1541 1255 1708 1319 camerarii

402 1344 488 1408 dicte
511 1344 645 1411 ecclesie
665 1349 785 1426 nostre,
809 1343 960 1409 lobannis
980 1342 1021 1407 de
1038 1342 1224 1409 Romesleve
1251 1341 1376 1421 militis,
1403 1348 1434 1407 et
1459 1343 1592 1409 aliorum
1613 1344 1708 1427 pluri-

402 1452 523 1498 morum
544 1432 783 1515 fidedignorum.

484 1522 602 1589 Datum
622 1522 824 1598 llulberstad‚
845 1542 929 1587 sono
951 1520 1072 1585 dourini
1094 1518 1261 1585 millesimo
1273 1520 1477 1587 CCC⁰XXX⁰
1488 1522 1607 1605 quinto,
1628 1522 1710 1589 i'eria

401 1612 544 1679 secunda
565 1613 709 1697 proxima
729 1619 805 1677 ante
825 1613 937 1675 1001000
959 1611 1045 1675 beati
1065 1610 1187 1674 Thomu
1209 1610 1354 1694 apostoli.

445 1746 689 1872 hrb'rscghdllefzrn.
725 1745 787 1801 Dus
804 1763 843 1799 cre
860 1744 1127 1813 Perpurnenlstreisen
1144 1744 1296 1813 0000111091
1316 1762 1445 1813 pernescire
1465 1745 1548 1815 Srepel
1574 1748 1609 1801 ist
1636 1748 1709 1803 nictu

402 1836 445 1873 nse
496 1835 542 1871 cor·
651 1858 657 1869 .

403 1939 518 2023 1336.
544 1936 671 2041 April
689 1938 753 2021 14.
1639 1940 1707 2021 uu.

505 2084 649 2149 Albredst
668 2084 739 2147 unu
758 2083 944 2158 securare,
973 2082 1148 2159 Gestorum,
1178 2082 1303 2163 1110100
1329 2082 1591 2165 011110000ίεὶ0,
1615 2084 1709 2166 peter

506 2183 574 2245 dem
599 2180 734 2261 Kopion
766 2181 822 2244 der
849 2180 880 2245 S.
907 2180 1145 2260 Arrrterrlrcpclle
1171 2200 1213 2243 cn
1247 2179 1398 2243 Waterler
1430 2182 1490 2244 dus
1519 2182 1709 2263 Elpcntbcut

504 2281 588 2343 01000
616 2278 767 2360 Morpens
796 2279 882 2342 einer
908 2278 997 2359 Hcfe
1028 2278 1174 2353 (10001101,
1208 2277 1314 2343 melclre
1346 2278 1497 2343 Heinrich
1524 2278 1649 2343 Nicolci
1675 2282 1709 2344 irs

505 2376 624 2440 Husler
643 2397 703 2440 non
722 2376 819 2439 ibnen
836 2396 878 2440 cu
899 2376 988 2439 Iaebn
1007 2380 1099 2456 trriqt.

484 2513 551 2578 Nos
571 2512 721 2578 Albertns
740 2517 773 2578 et
793 2510 994 2575 Bernhardus
1021 2512 1134 2576 fratres
1162 2511 1214 2577 dei
1240 2510 1346 2593 grstia
1371 2511 1500 2575 comites
1524 2511 1565 2577 de
1586 2511 1706 2593 Regen-

404 2610 495 2686 steyu
510 2601 762 2683 recognoscimus
773 2599 973 2683 presentibus
988 2598 1091 2663 lucide
1107 2598 1321 2683 protestando,
1343 2600 1427 2680 qnod
1439 2599 1584 2683 cappello
1600 2605 1709 2665 sancte

404 2694 496 2757 Anne
527 2692 562 2756 iu
588 2690 762 2756 Waterlere
794 2690 856 2755 site
887 2689 1113 2773 proprietatem
1149 2689 1240 2753 unius
1272 2688 1390 2770 ingeris
1419 2690 1511 2752 unius
1541 2689 1645 2753 mansi
1676 2691 1708 2753 in

405 2782 527 2865 campis
546 2779 724 2845 Waterlere
744 2778 813 2857 siti,
841 2796 934 2859 quem
960 2796 1103 2841 mansum
1131 2776 1265 2843 anobis
1291 2783 1377 2839 tenet
1397 2776 1455 2841 snb
1480 2776 1602 2859 pheodo
1623 2777 1708 2860 Hyn-

404 2871 489 2935 ricus
514 2870 640 2935 Nicolai
673 2868 792 2947 dictus,
825 2888 951 2931 morans
978 2867 1011 2930 in
1038 2866 1187 2947 Huslcre,
1219 2884 1296 2949 pure
1330 2872 1457 2949 propter
1487 2866 1580 2931 deum
1609 2874 1641 2931 et
1667 2866 1708 2931 ob

402 2960 537 3025 salutem
557 2958 734 3023 animarum
755 2964 932 3022 nostrarum
953 2975 992 3019 ac
1012 2962 1177 3037 pareutum
1203 2962 1379 3018 nostrorum
1404 2974 1570 3037 erogamus
1592 2956 1624 3019 in
1646 2956 1709 3020 hiis

402 3048 540 3130 scriptis.
580 3046 616 3111 lu
639 3065 769 3128 quorum
785 3045 979 3111 evidentiam
997 3043 1106 3125 sigilla
1123 3050 1230 3107 nostra
1249 3043 1449 3127 presentibus
1463 3051 1536 3108 sunt
1556 3063 1708 3127 appensa.

484 3137 550 3202 Sub
561 3156 645 3201 0000
659 3134 1092 3213 cominiuoscmxxva,
1113 3132 1273 3197 dominica
1294 3133 1327 3197 in
1348 3152 1412 3214 qua
1429 3139 1574 3198 cantatur
1588 3134 1709 3199 Miseri·

403 3226 514 3294 cordia
534 3225 663 3292 domini.

479 3353 585 3407 Urseln.
600 3352 689 3405 Wern.
730 3350 784 3403 Die
805 3349 897 3403 beiden
917 3348 1246 3418 an-Pmpcmentstrcifen
1269 3348 1466 3417 uubcrtpendeu
1493 3348 1601 3403 000100
1625 3348 1709 3418 Siepel

402 3441 424 3479 s.
445 3424 523 3491 Tasci
539 3422 595 3489 IX,
613 3422 667 3476 Nr.
685 3424 721 3475 63
739 3438 769 3475 n.
786 3424 829 3475 64.

930 3512 1180 3519 ————-—.—..-...

403 3544 517 3627 1336.
545 3540 807 3627 (1010110128.
1645 3542 1707 3623 sl.

504 3688 658 3751 Heinrich
689 3686 856 3767 Molorchus
881 3686 946 3766 piot
974 3686 1043 3749 dem
1071 3684 1204 3749 Klosler
1240 3684 1392 3749 Wuterlor
1420 3687 1495 3751 curcei
1525 3686 1637 3768 anen
1667 3706 1708 3751 en

506 3785 660 3865 Ellinpen
692 3784 739 3848 bei
764 3783 920 3859 8010000,
951 3802 1056 3846 wovon
1088 3781 1224 3861 ibbrliclr
1255 3782 1306 3846 ein
1339 3783 1488 3865 Vierriiup
1518 3804 1591 3849 sum
1618 3784 1710 3848 Licbi

504 3883 581 3947 10100
601 3881 734 3962 berlipen
755 3880 837 3945 Blnt
854 3881 983 3962 pcpcben
1002 3880 1126 3943 woden
1145 3881 1210 3944 soll.

484 4016 545 4099 Wy
563 4014 698 4079 Hinrick
708 4012 882 4079 Molenboll
900 4011 1134 4095 nudeLutgsrd
1156 4036 1230 4097 myrr
1253 4014 1332 4097 wyff
1348 4014 1515 4081 bekennen
1537 4016 1569 4081 iu
1590 4016 1709 4083 dissem

404 4106 499 4170 breve
523 4104 586 4169 alle
612 4103 687 4179 den,
716 4104 756 4169 de
783 4122 844 4167 000
871 4102 966 4166 boren
994 4103 1079 4168 uude
1108 4102 1203 4182 sehn,
1232 4102 1287 4167 dat
1314 4124 1367 4187 wy
1393 4104 1517 4171 bebben
1542 4106 1709 4189 ghegeveu

403 4201 466 4258 two
486 4194 568 4265 hove
589 4213 631 4277 up
653 4192 745 4258 deme
766 4192 858 4258 uelde
882 4198 913 4255 to
934 4191 1061 4274 Ellingc
1083 4192 1184 4257 boveu
1206 4192 1361 4257 Sebowcn
1386 4194 1443 4259 mit
1469 4194 1581 4260 alleme
1604 4195 1709 4261 rechte

403 4302 445 4346 00
470 4282 563 4346 velue
590 4281 675 4347 uude
701 4302 743 4345 00
770 4279 868 4364 dorpe
892 4280 925 4344 iu
952 4280 1010 4345 dat
1037 4282 1169 4345 clostere
1195 4286 1227 4345 10
1249 4281 1424 4347 Waterlere
1450 4283 1508 4347 dor
1535 4283 1709 4349 ebdisclren

404 4370 488 4435 unde
515 4371 572 4436 der
597 4377 807 4454 ousteryunen
835 4370 918 4437 unde
949 4369 1006 4435 der
1032 4371 1201 4452 samninge
1233 4391 1387 4454 gemeyne
1419 4394 1461 4437 00
1488 4392 1595 4436 unsem
1627 4373 1709 4437 dode

403 4459 488 4526 uude
516 4461 609 4527 balve
633 4460 742 4528 marck
767 4461 942 4545 wergeldes
968 4480 1029 4527 vau
1056 4460 1148 4524 deme
1173 4458 1258 4545 gude
1282 4468 1313 4525 to
1340 4462 1484 4543 gerendo
1510 4460 1552 4545 by
1581 4479 1709 4529 unseme
