4459 5167
816 334 865 391 Νι.
885 337 1085 395 108-110.a
1104 338 1209 395 1353-
1221 340 1296 397 1856.
1661 340 1716 395 295

400 484 567 569 preposito
598 492 631 551 et
665 491 823 551 conventu
853 486 1015 569 perpetuis
1046 488 1239 571 temporibus
1279 487 1516 572 possidendum.
1568 488 1716 555 Preterea

400 572 584 655 obligamus
611 593 670 638 nos
695 581 728 637 et
757 576 970 659 promittimus
1003 576 1036 641 in
1069 578 1133 642 hiis
1165 578 1307 663 scriptis,
1341 576 1381 643 de
1413 576 1491 643 dicti
1517 579 1620 643 mansi
1647 598 1716 664 pro

400 663 541 747 prietate
567 664 766 729 warandiam
796 665 922 748 plenam
950 672 1092 749 prestare
1123 666 1202 750 ipsis
1237 667 1306 731 loco
1336 676 1368 732 et
1405 672 1563 751 tempore,
1590 666 1717 749 quando

401 752 556 818 fuerimus
585 753 737 836 requisiti.
787 754 1040 819 Renuncciamus
1071 755 1202 840 insuper
1232 754 1418 840 exceptioni
1451 774 1513 821 non
1545 760 1717 831 numerate,

401 862 467 907 non
498 843 600 908 solute
634 844 769 926 pecunie
798 862 837 908 ac
866 844 1061 926 quibuslibet
1094 844 1356 928 exceptionibus,
1389 844 1629 910 desenciouibus
1665 843 1716 909 vel

402 932 728 1014 contradictionibus,
758 932 874 1015 quibus
902 952 1066 1017 possemus
1091 934 1142 998 rel
1167 954 1260 1017 posse
1292 933 1472 999 videremur
1501 932 1716 1018 supradictam

400 1020 619 1086 venditionem
646 1042 810 1103 revocare,
838 1022 1010 1105 infringere
1040 1030 1094 1088 aut
1122 1023 1215 1089 modo
1248 1024 1390 1106 quolibet
1420 1022 1555 1087 irritare.
1602 1020 1715 1087 Testes

401 1110 498 1174 huius
523 1110 571 1173 rei
597 1118 684 1175 sunt:
716 1110 918 1176 honorabiles
941 1111 1061 1176 domini
1090 1112 1237 1177 dominus
1258 1110 1472 1196 Meynhardus
1497 1110 1653 1195 plebanus
1680 1111 1713 1175 in

400 1198 580 1277 Osterwilr,
608 1201 756 1265 dominus
784 1198 936 1265 Ludollus
965 1200 1120 1285 plebanus
1151 1202 1185 1267 in
1215 1202 1356 1281 Bersele,
1391 1200 1537 1265 dominns
1565 1198 1715 1264 Albertus

400 1287 561 1372 plebanus
581 1287 876 1372 iuHopplenstede,
897 1288 1074 1372 presbiteri,
1096 1308 1219 1355 necnon
1242 1290 1366 1355 honesti
1388 1289 1496 1355 famuli
1511 1286 1715 1355 Bembardus

400 1378 444 1439 de
471 1376 594 1457 Werre,
619 1376 778 1442 lohannes
805 1375 846 1440 de
873 1377 1131 1458 Blaultenborch,
1163 1384 1195 1443 et
1225 1378 1427 1462 quamplures
1460 1377 1515 1441 alii
1550 1376 1714 1459 fidedignl.

401 1466 537 1548 Insuper
563 1466 597 1529 in
632 1467 764 1531 evidens
797 1466 1012 1532 testimouium
1042 1468 1183 1533 omnium
1213 1468 1497 1554 suprascriptorum
1535 1474 1714 1552 presentem

399 1556 556 1638 paginam
573 1553 689 1621 nostris
709 1555 827 1637 sigillis
846 1556 979 1623 fecimus
1000 1556 1194 1622 communiri.

484 1643 601 1707 Datum
631 1651 664 1709 et
692 1651 798 1710 actum
828 1644 1028 1727 presentibus
1060 1646 1195 1711 testibus
1221 1646 1447 1730 suprascriptis
1478 1664 1561 1711 anuo
1592 1644 1714 1713 domini
1834 1686 1836 1693 ·

401 1732 583 1799 bl⁰CCC⁰L⁰
604 1738 724 1816 quarto,
745 1735 780 1798 in
801 1732 962 1799 dominica
981 1752 1046 1815 qua
1066 1740 1214 1799 cantatur
1234 1734 1356 1801 Letare.

479 1884 585 1940 Urecbr.
600 1886 691 1940 Wern.
726 1885 856 1952 Ausaclrr.
881 1884 908 1939 d.
928 1888 969 1939 15.
988 1884 1053 1939 dle:
1077 1885 1273 1956 Vckcnstydda.
1309 1886 1364 1941 Die
1388 1904 1427 1941 uss
1445 1886 1713 1957 Pupumdstrcs'lcrs

402 1956 556 2025 anpebdnpt
571 1972 721 2025 perum
740 1956 793 2009 m'er
810 1954 893 2025 Sieqel
911 1954 974 2009 aad
991 1956 1066 2009 rricbt
1083 1956 1157 2009 nrebr
1176 1956 1338 2011 serbartden.

403 2130 521 2215 1356.
547 2132 642 2215 dull
660 2131 724 2215 25.
1622 2128 1710 2213 llll.

504 2283 569 2350 Die
589 2284 657 2349 drci
680 2282 842 2348 Gebrtldcr
860 2281 1034 2347 Burclrord
1054 2303 1112 2345 von
1134 2282 1189 2345 der
1203 2282 1363 2362 Asscburq
1381 2282 1475 2362 peden
1497 2282 1566 2346 dcrn
1580 2280 1618 2345 K
1621 2280 1712 2346 losler

512 2382 666 2447 Waterlcr
685 2382 745 2445 das
764 2380 955 2461 Elpentlrum
976 2380 1032 2443 der
1059 2400 1118 2443 curt
1143 2381 1203 2443 ders
1224 2400 1283 2443 von
1303 2379 1462 2444 Jcrxlreim
1490 2379 1559 2443 stad
1588 2378 1714 2443 Welant

505 2482 670 2563 erluuftcn
694 2479 764 2543 und
785 2478 878 2541 durren
900 2476 1139 2558 aufqelcsseuen
1157 2478 1232 2541 aurei
1256 2476 1383 2558 Hersen,
1412 2477 1496 2543 eines
1515 2476 1616 2558 Hofes
1642 2476 1712 2543 mid

505 2580 588 2642 eines
609 2578 699 2642 stubei
716 2576 879 2659 pelepcncu
900 2573 1074 2654 Holesleclts
1092 2595 1134 2639 su
1153 2574 1314 2639 Waterler.

483 2731 551 2795 Nos
571 2728 785 2811 Borcluardus,
812 2727 1013 2792 Borcbardus
1038 2734 1070 2791 et
1090 2726 1291 2793 Borcbardus
1314 2726 1429 2791 iratres
1454 2726 1531 2791 dicti
1559 2726 1600 2792 de
1619 2726 1713 2792 Asse·

403 2820 499 2885 borch
510 2820 763 2901 recognoscimus
784 2822 816 2883 et
835 2815 877 2880 ad
897 2815 1047 2880 noticiam
1064 2814 1250 2880 deducimus
1267 2814 1417 2895 omnium,
1430 2834 1562 2896 quorum
1582 2816 1713 2881 interest

403 2911 454 2976 vel
477 2910 631 2973 interesse
651 2907 776 2990 poterit,
796 2905 880 2988 quod
902 2924 972 2970 cum
993 2904 1149 2970 discretus
1161 2905 1211 2969 vir
1232 2904 1411 2989 prepositus
1423 2904 1711 2971 sanctimonialium

403 2997 589 3063 monasterii
621 2996 655 3059 in
683 2994 855 3059 Waterlere
892 3000 925 3058 et
964 2992 1143 3073 abbatissa,
1173 2993 1326 3077 priorissa
1355 2998 1501 3075 totusque
1539 2998 1712 3059 conventus

403 3087 524 3151 ibidem
555 3106 576 3150 a
604 3083 761 3149 strennuis
790 3083 916 3149 lamulis
946 3080 1042 3147 dictis
1077 3082 1119 3149 de
1143 3082 1323 3147 lerechsem
1357 3088 1388 3147 ct
1419 3079 1611 3146 adiscretis
1634 3080 1713 3146 viris

403 3176 498 3241 dictis
518 3174 646 3240 Welant
673 3172 752 3237 duos
779 3192 906 3238 mansos
932 3173 1010 3237 sitos
1037 3174 1070 3236 in
1098 3172 1221 3256 campis
1245 3170 1322 3237 ville
1347 3170 1523 3235 Waterlere
1551 3188 1621 3234 cum
1649 3189 1713 3235 una

404 3265 494 3330 curia
520 3270 553 3328 et
579 3264 714 3344 ligneto,
740 3260 825 3343 quod
853 3260 979 3324 adiacet
1004 3261 1090 3325 curie
1118 3258 1283 3342 iamdicte,
1315 3279 1386 3324 cum
1418 3259 1485 3324 suis
1511 3258 1713 3343 pertinentiis

403 3362 469 3419 tam
498 3354 531 3417 in
558 3353 637 3416 villa
665 3370 760 3432 quam
785 3351 818 3414 in
848 3350 972 3433 campis
997 3370 1054 3434 pro
1085 3350 1224 3433 pecunia
1250 3350 1453 3434 beneplacita
1478 3355 1510 3414 et
1536 3349 1583 3414 eis
1610 3348 1714 3414 soluta

403 3442 496 3508 titulo
511 3439 682 3523 emptionis
696 3445 941 3523 comparassent,
962 3456 1042 3521 quos
1062 3438 1190 3520 quidem
1210 3456 1347 3515 mansos,
1368 3438 1487 3503 curiam
1509 3448 1542 3503 et
1560 3438 1713 3521 lignatum

404 3550 425 3594 a
445 3529 539 3595 nobis
553 3529 707 3593 hactenus
724 3528 756 3592 in
783 3527 908 3613 pheodo
925 3533 1099 3593 tenuerunt.
1130 3527 1192 3605 Qui
1207 3526 1334 3610 quidem
1346 3527 1457 3592 famuli
1475 3527 1561 3593 dicta
1572 3527 1658 3593 buna
1679 3528 1713 3591 in

404 3638 517 3683 manus
527 3626 652 3683 nostras
660 3618 759 3683 libore
768 3619 977 3699 resignarunt,
988 3634 1108 3699 nosque
1121 3617 1153 3680 in
1164 3617 1311 3683 manibus
1322 3616 1437 3683 nostris
1448 3617 1561 3683 eadem
1571 3622 1713 3683 tenentes

404 3710 568 3790 resignata
589 3707 673 3772 bona
695 3706 735 3771 de
756 3726 909 3772 consensu
930 3706 1081 3771 heredum
1102 3712 1277 3769 nostrorum
1299 3705 1394 3771 dictis
1416 3706 1593 3790 preposito,
1613 3705 1712 3771 abba-

403 3799 490 3879 tisse,
511 3796 661 3880 priorisse
677 3803 709 3861 et
724 3796 893 3861 conventui
909 3796 1098 3860 donavimus
1113 3795 1313 3877 presentibus
1328 3803 1361 3859 et
1371 3796 1535 3878 donamus,
1551 3795 1712 3860 tradentes

404 3889 483 3971 ipsis
505 3886 736 3971 possessionem
750 3905 884 3951 vacuam
900 3883 1087 3965 eorundem,
1108 3885 1252 3950 volumus
1265 3884 1344 3968 ipsis
1357 3904 1471 3951 cavere
1489 3885 1530 3950 de
1546 3884 1712 3965 evictione,

403 3977 622 4059 promittentes
649 3976 737 4059 ipsos
764 3976 886 4060 eripere
909 3980 942 4039 et
966 3994 1094 4040 servare
1119 3975 1316 4057 indempnes.
1358 3974 1395 4037 ln
1421 3992 1553 4056 quorum
1580 3973 1713 4041 evidens

403 4065 617 4130 testimonium
639 4071 817 4149 presentem
837 4066 974 4130 litteram
995 4065 1111 4146 sigillis
1133 4064 1249 4129 nostris
1269 4063 1423 4128 tradimus
1443 4063 1627 4145 sigillatam.

484 4155 602 4219 Datum
630 4174 715 4219 anno
739 4155 860 4221 domini
885 4154 1025 4221 Μθῦὒθο
1051 4154 1317 4237 quinquagesimo
1343 4158 1449 4233 sexto,
1481 4153 1513 4218 in
1548 4153 1601 4220 die
1625 4152 1712 4221 beati

403 4243 513 4313 Iacubi
534 4243 702 4328 appostoli.

475 4360 591 4431 capara.
610 4359 657 4415 nr.
675 4361 716 4415 oe

932 4434 1183 4447 ..-.-———-—-
