4459 5167
539 340 592 393 272
793 334 1080 391 (i2tercinnsssriunew
1097 334 1317 403 (suniemirus)
1335 337 1443 393 Klosier
1451 338 1594 392 ii'aterier.

540 488 623 551 Nam
649 485 693 549 ad
722 486 781 549 hoe
809 485 961 569 predicti,
990 492 1025 547 ut
1055 483 1211 549 dictorum
1242 506 1422 551 mansorum
1452 494 1485 552 et
1514 486 1642 551 dimidii
1669 487 1855 572 proprietas

538 577 635 641 dictis
645 574 846 654 dominabus,
867 572 1019 637 videlicet
1038 573 1202 639 abbatisse
1223 583 1255 639 et
1274 578 1425 659 priorisse
1445 595 1485 640 ac
1505 577 1675 641 conventui
1695 577 1854 660 predicto,

538 686 560 729 a
582 666 675 731 uobis
693 664 866 728 donaretur
884 662 926 726 de
947 661 1042 745 pleno
1060 681 1215 728 consensu
1236 665 1374 728 omnium
1392 665 1543 728 heredum
1559 684 1666 729 eorum
1674 668 1696 745 ¹,
1716 685 1854 745 quorum

538 754 580 819 de
601 755 668 818 iure
688 770 862 817 cousensus
881 752 985 815 fuerat
1006 751 1222 831 requirendus,
1241 754 1335 819 nobis
1356 754 1535 835 sepedictus
1556 772 1683 818 mansos
1703 762 1738 819 et
1758 753 1854 817 dimi-

538 844 625 907 dium
655 862 727 907 cum
756 842 840 905 ‹rmni
874 841 956 919 inre,
987 839 1073 921 qued
1101 840 1134 903 in
1166 841 1246 925 ipsis
1273 841 1463 921 habueruut,
1498 843 1719 907 renunciantes
1752 843 1855 908 libere

538 932 790 1015 resignaverunt.
831 929 869 994 In
888 928 981 992 buius
1002 930 1099 1009 igitur
1118 932 1350 1011 resignationis
1369 939 1402 995 et
1423 932 1611 995 donacionis
1631 951 1687 995 sen
1708 932 1854 1015 proprie-

537 1021 675 1085 taciouis
710 1019 816 1083 verius
856 1018 1070 1081 testimoninm
1108 1019 1309 1101 presentibus
1350 1020 1489 1102 sigilium
1523 1028 1663 1083 nostrum
1699 1020 1854 1083 duximus

537 1109 771 1194 apprnendurno
812 1107 958 1171 Ceterum
974 1125 1032 1169 nos
1045 1106 1202 1189 Spiridus,
1223 1107 1276 1171 dei
1295 1110 1402 1190 gratia
1414 1106 1698 1189 ilagdebnrgensis
1713 1108 1853 1172 ecclesie

538 1198 723 1273 cancrosus,
748 1194 911 1261 lictardus
942 1202 974 1258 et
1000 1195 1165 1275 iiinricus,
1198 1196 1311 1260 iratres
1341 1197 1466 1260 comitis
1497 1196 1689 1279 supradicti,
1719 1197 1852 1280 publice

538 1287 792 1365 reorgnrrsciurns
813 1284 848 1347 iu
868 1284 932 1347 biis
952 1283 1080 1367 seriptis
1105 1296 1137 1346 et
1164 1284 1222 1347 sub
1244 1286 1350 1365 sigillo
1371 1285 1478 1348 fratris
1498 1287 1595 1349 nostri
1616 1287 1742 1349 comitis
1763 1294 1853 1349 ante·

537 1374 631 1449 dicti,
655 1375 739 1457 qnod
767 1374 827 1439 hee
851 1374 1031 1454 resignacio
1056 1380 1089 1437 et
1108 1373 1244 1437 donacio
1264 1376 1349 1437 sacta
1369 1382 1418 1437 est
1445 1375 1484 1437 de
1514 1380 1620 1438 nostro
1645 1374 1852 1457 beneplacito

536 1474 570 1528 et
589 1464 706 1527 scrroris
726 1473 833 1527 nostre
853 1462 1045 1533 biechtiidis‚
1067 1462 1172 1526 uxoris
1191 1462 1307 1526 nobilis
1323 1463 1364 1527 de
1374 1463 1616 1527 Keserenbcrch
1635 1472 1667 1527 et
1681 1483 1850 1529 consensu.

536 1552 649 1617 'festos
670 1552 764 1617 buius
783 1558 869 1615 sunt:
896 1551 1044 1616 dominus
1071 1550 1229 1616 iohannes
1253 1552 1365 1633 Cosoe,
1394 1552 1551 1617 Henricus
1570 1553 1661 1634 Scat,
1691 1554 1852 1619 iohannes

537 1643 578 1706 dc
599 1641 727 1722 hierico,
747 1641 864 1705 milites
884 1640 1000 1717 nostri;
1026 1639 1195 1722 Segobodo
1216 1639 1330 1715 Cosee,
1351 1641 1507 1705 Henricus
1528 1640 1569 1705 de
1591 1641 1793 1724 Demebnrc,
1819 1650 1851 1705 et

538 1730 595 1795 aiii
616 1730 818 1814 quamplures
838 1728 1003 1811 iidedigni.

617 1822 732 1883 sctum
759 1826 792 1883 et
816 1817 926 1882 datum
952 1836 1036 1881 anno
1063 1816 1184 1881 domini
1212 1817 1456 1899 trecense,
1483 1818 1516 1881 in
1541 1819 1657 1902 vigilia
1685 1818 1774 1884 beati
1801 1820 1850 1883 Io-

540 1907 656 1973 hannis
676 1906 893 1988 ewangeliste.

613 2006 720 2059 lt'ncbr.
737 2006 826 2057 Wem.
845 2004 896 2057 mit
912 2002 1101 2071 beacbddtptem
1115 2000 1207 2070 Sapei,
1227 2005 1333 2058 welches
1350 2004 1388 2057 im
1405 2004 1568 2073 Areias-ipen
1578 2005 1684 2060 Seleride
1697 2005 1848 2059 decredetu-

534 2076 650 2145 peateiite
660 2075 855 2143 Hirscbatsmpe
873 2076 923 2127 mit
939 2079 957 2126 3
974 2074 1046 2126 noch
1063 2074 1126 2125 oben
1138 2074 1284 2141 pebopenen
1293 2074 1393 2127 nmen
1406 2076 1479 2142 zeipt.
1500 2106 1531 2114 —
1553 2074 1600 2129 Do
1613 2076 1849 2130 anli’er‘brrucbten

538 2148 586 2201 der
604 2146 808 2213 delereaunfunp
825 2159 892 2210 tear,
910 2160 941 2197 ro
955 2144 1046 2212 petunt
1062 2143 1107 2196 die
1129 2142 1258 2198 b'rkunde
1274 2147 1319 2197 ins
1335 2146 1407 2199 Jabr
1425 2150 1502 2199 1320.

605 2235 635 2301 l)
651 2232 707 2287 Dic
722 2231 840 2287 Hane.
857 2233 976 2287 eorumd.

539 2354 649 2439 1321.
675 2353 784 2436 Junl
797 2352 861 2437 10.
1788 2358 1847 2439 il.

641 2488 724 2567 oso,
749 2489 836 2569 Grai
854 2508 897 2555 au
916 2488 1136 2566 Fallrerretct'n,
1155 2490 1220 2570 publ
1239 2489 1308 2551 ciem
1330 2487 1461 2553 Klosier
1484 2488 1636 2553 wasme
1659 2491 1847 2555 aodortltolb

638 2587 751 2668 lintea
771 2606 812 2651 aa
830 2584 934 2667 Odorp
952 2587 1023 2649 ond
1043 2587 1112 2650 elne
1130 2586 1219 2650 budae
1231 2586 1322 2667 Hafe
1339 2606 1381 2650 aa
1397 2586 1560 2666 Elllnpen,
1582 2586 1691 2651 welclte
1712 2589 1763 2652 dic
1786 2588 1847 2654 Ge-

637 2686 752 2751 brilder
772 2706 832 2749 von
852 2684 940 2748 Beclr
959 2704 1018 2747 oon
1037 2683 1102 2747 inm
1123 2704 1164 2749 au
1185 2683 1275 2747 Leito
1296 2688 1415 2764 tropen.

617 2802 685 2867 Nos
706 2801 796 2882 Otto,
823 2800 875 2865 dei
897 2799 1003 2881 gratia
1024 2818 1128 2864 comcs
1148 2797 1189 2864 de
1210 2796 1432 2873 Valkenstein,
1458 2801 1713 2881 recognoscimus
1739 2820 1846 2865 coram

537 2892 693 2958 universis
720 2888 815 2956 Oristi
847 2888 996 2952 fidelibus
1019 2887 1148 2970 publice
1175 2885 1392 2969 protestando,
1424 2888 1506 2967 qnod
1538 2906 1596 2951 nos
1628 2887 1668 2952 de
1702 2889 1785 2953 scitu
1813 2893 1846 2952 et

536 3000 690 3047 consensu
710 2980 845 3043 filiorum
866 2983 1041 3040 nostrornm
1062 2982 1094 3040 et
1113 2974 1249 3039 filiarum
1272 2982 1449 3039 nostrarum
1470 2976 1671 3058 omniumque
1693 2976 1845 3042 heredum

536 3079 711 3137 nostrorum
733 3076 765 3132 et
785 3066 923 3131 omnium
943 3083 1063 3143 eornm,
1090 3084 1220 3146 quorum
1242 3083 1413 3128 consensus
1433 3063 1476 3127 ad
1497 3064 1556 3129 hoc
1575 3064 1615 3127 de
1638 3065 1706 3130 iore
1728 3084 1785 3131 seu
1806 3066 1845 3129 de

535 3160 761 3228 cousuetudine
790 3154 998 3239 requirendus
1028 3157 1144 3235 inerat,
1177 3154 1322 3218 dedimus
1351 3159 1382 3217 et
1415 3154 1447 3217 in
1482 3154 1544 3217 hiis
1576 3156 1704 3237 scriptis
1732 3154 1845 3219 damus

535 3250 726 3318 monasterio
747 3253 778 3311 et
800 3244 967 3311 conventui
988 3242 1277 3308 sanctimonialium
1306 3242 1472 3323 sanguinis
1490 3240 1583 3305 Cristi
1606 3244 1638 3305 in
1661 3242 1844 3321 Waterlere,

534 3337 816 3405 iiaibcrstadensis
843 3334 994 3413 diocesis,
1022 3335 1155 3397 alterum
1181 3331 1350 3396 dimidium
1381 3350 1524 3395 mansum
1551 3331 1646 3396 situm
1675 3332 1708 3394 in
1736 3332 1844 3414 Odorp

535 3436 566 3495 et
594 3426 761 3493 dimidium
783 3442 927 3488 mansum
952 3422 1046 3485 sitnm
1068 3422 1100 3484 in
1129 3420 1250 3503 campis
1278 3419 1420 3502 Eliigen;
1453 3438 1531 3501 qnos
1561 3420 1689 3503 quidem
1717 3439 1844 3485 mansos

536 3517 726 3584 'thidericus
747 3520 779 3579 et
800 3513 950 3577 iiinrious
969 3511 1082 3574 iratres
1103 3509 1182 3573 dicti
1201 3508 1241 3573 dc
1263 3507 1351 3572 Beck
1371 3509 1538 3572 feudaliter
1560 3506 1752 3592 habuerant,
1773 3529 1844 3574 curu

537 3606 731 3692 proprietate
751 3610 783 3669 et
804 3622 874 3667 cum
898 3600 982 3664 omni
1005 3599 1072 3662 inre
1097 3616 1167 3661 cunr
1188 3598 1270 3662 areis
1292 3601 1323 3661 et
1345 3615 1413 3660 curn
1434 3596 1580 3660 omnibus
1601 3598 1644 3661 ad
1666 3598 1754 3680 ipsos
1775 3618 1842 3681 per-

534 3694 709 3763 tinentibus
730 3692 763 3757 in
783 3691 863 3756 viiia
885 3689 969 3755 etin
991 3688 1114 3770 campis
1136 3686 1333 3771 possessione
1354 3685 1461 3766 quieta
1481 3703 1519 3748 ac
1540 3686 1622 3749 iusto
1639 3686 1844 3769 proprietatis

534 3786 626 3851 titulo
645 3790 798 3869 perpetuo
819 3778 1044 3865 possidendos,
1068 3775 1290 3841 renunciantes
1315 3774 1400 3838 omni
1423 3774 1499 3854 iuri,
1528 3771 1610 3856 quod
1632 3792 1690 3836 nos
1710 3774 1743 3837 in
1764 3774 1844 3857 ipsis

536 3874 656 3939 mansis
678 3872 859 3951 habuimus,
885 3868 976 3933 nobis
998 3873 1031 3930 et
1051 3866 1168 3930 nostris
1189 3862 1358 3928 heredibus
1379 3862 1477 3926 nuchul
1506 3880 1583 3925 runs
1610 3860 1844 3942 quomodolibet

534 3966 567 4029 in
596 3962 716 4029 mansis
746 3957 924 4024 huiusmodi
955 3952 1133 4033 retinendo,
1169 3954 1312 4017 volentes
1341 3953 1388 4015 eis
1419 3968 1514 4033 super
1541 3950 1602 4013 hiis
1628 3951 1748 4015 mansis
1781 3950 1842 4017 sni-

533 4052 690 4117 iicientem
711 4056 853 4136 prestare
874 4046 1088 4124 warandiam,
1115 4045 1143 4107 si
1165 4050 1214 4105 est
1233 4060 1321 4124 opus.
1363 4042 1400 4104 In
1422 4040 1512 4103 cuius
1533 4045 1638 4103 nostre
1664 4037 1845 4104 donationis

534 4143 667 4211 evidens
688 4139 902 4207 testimonium
925 4153 1056 4220 presens
1076 4132 1229 4215 scriptum
1243 4129 1388 4194 dedimus
1409 4128 1605 4212 appensione
1624 4128 1721 4192 nostri
1743 4129 1842 4211 sigilli

536 4237 788 4385 oomniilantiiiirmet
809 4323 914 4383 actum
935 4332 1020 4380 anno
1041 4308 1161 4376 domini
1182 4307 1426 4389 M⁰CCC⁰XX10‚
1448 4305 1528 4371 seria
1555 4312 1669 4386 quarta
1694 4305 1726 4369 iu
1748 4304 1843 4391 septi-

536 4428 632 4478 mana
652 4408 837 4494 sollempnis
857 4402 1042 4471 testivitatis
1062 4400 1294 4484 penthecostes.

604 4528 720 4597 spen
739 4526 784 4580 nr.
803 4524 864 4578 see
