4459 5167
525 365 579 423 274
778 357 1062 419 cistercienmrinnen·
1080 356 1302 431 (Heiligenblut)
1321 355 1579 417 KlosterWaterler.

525 551 638 635 1322.
663 550 828 649 August
845 548 909 630 10.
1767 539 1833 625 74.

628 686 701 753 Das
714 684 845 751 Kloster
864 684 1045 767 Heiaiopea
1065 685 1177 749 aimoni
1196 684 1256 747 dus
1275 683 1314 747 K
1317 683 1336 746 l.
1355 681 1508 749 Writeria
1527 683 1563 747 ia
1584 683 1668 746 seiae
1689 678 1835 745 Recider-

625 786 728 868 sdratt
746 785 816 848 aad
835 784 872 847 io
892 783 943 847 die
965 782 1196 864 Genreiascboji
1215 784 1316 846 sacer
1333 786 1430 863 pateo
1447 780 1557 846 Werlre
1577 781 1645 862 aas.

608 901 673 966 Ger
685 948 792 966 ......
806 901 817 944 1
839 898 891 964 dei
910 905 1020 965 sancte
1041 899 1175 964 ecclesie
1195 898 1301 980 gratia
1321 898 1485 962 abbatisse
1505 898 1538 961 in
1559 896 1736 962 Waterlere
1755 895 1835 955 toto-

526 992 630 1072 qued)
657 989 791 1071 collegio
818 988 936 1053 ibidem
962 988 1002 1052 M.
1031 988 1183 1072 priorissa
1212 986 1498 1052 sanctimonialium
1527 987 1560 1050 in
1588 986 1737 1068 Heuigge
1763 997 1835 1044 cum

527 1080 612 1144 omni
649 1085 804 1144 conventu
835 1078 994 1141 orationes
1030 1080 1171 1141 sinceras
1206 1076 1239 1139 in
1270 1075 1336 1141 lilio
1374 1074 1508 1157 virginis
1538 1075 1684 1158 gloriose.
1734 1067 1836 1135 Paulo

527 1174 696 1234 attestante
718 1167 883 1252 spiritibus
902 1166 1030 1231 deorum
1052 1166 1232 1249 spiritualia
1251 1172 1283 1229 et
1305 1163 1462 1230 similibus
1483 1165 1684 1247 congaudent
1705 1156 1834 1229 similia.

527 1259 705 1343 Eapropter
736 1258 769 1321 in
802 1255 895 1321 nobis
925 1255 1075 1339 specialis
1109 1253 1240 1319 affectus
1273 1254 1412 1320 decrevit
1438 1254 1530 1318 robis
1562 1254 1639 1319 dare
1665 1256 1835 1329 vestroque

526 1348 660 1430 collegio
681 1354 713 1412 et
731 1345 861 1412 concedi
879 1363 899 1407 a
918 1344 1046 1408 domino
1064 1343 1259 1427 postulamus
1278 1344 1508 1408 fraternitatem
1529 1361 1567 1408 ac
1582 1340 1835 1408 familiaritatem

528 1438 626 1502 nostri
662 1436 789 1518 collegii
827 1454 950 1500 necnon
981 1432 1259 1516 participationem
1296 1433 1474 1517 plenariam
1505 1434 1643 1499 omnium
1682 1432 1836 1497 bonorum

527 1546 670 1611 operum,
698 1543 882 1608 quecunque
907 1522 984 1587 fient
1010 1524 1050 1586 de
1078 1528 1182 1586 cetero
1207 1522 1239 1586 in
1272 1527 1336 1588 toto
1365 1528 1471 1587 nostro
1501 1522 1655 1606 capitulo,
1683 1516 1837 1585 videlicet

528 1618 562 1680 in
591 1615 763 1699 psalteriis,
790 1612 925 1695 vigiliis,
956 1612 1096 1685 ieiuniis,
1130 1611 1408 1692 castigationibus,
1442 1604 1780 1693 genuflextionibus(l)
1805 1607 1837 1667 et

526 1705 559 1768 iu
582 1705 727 1771 omnibus
749 1702 968 1788 spiritualibus
989 1701 1179 1781 exeroiisd),
1198 1701 1231 1763 in
1253 1702 1366 1783 quibus
1388 1702 1529 1785 placare,
1550 1703 1696 1783 mitigare
1719 1696 1836 1765 faciem

528 1802 560 1860 et
589 1792 788 1859 clementiam
812 1792 906 1856 lbesu
929 1790 1045 1856 Christi
1072 1796 1103 1855 et
1131 1790 1223 1854 beate
1250 1790 1351 1855 Mario
1377 1792 1445 1857 eius
1471 1790 1623 1873 gentrieis
1645 1786 1680 1871 (l)
1709 1791 1742 1853 iu
1769 1785 1837 1849 vita

529 1884 647 1967 pariter
673 1888 705 1947 et
730 1882 764 1946 in
792 1883 919 1945 mortel.
966 1880 1003 1943 In
1031 1879 1120 1945 cuius
1154 1878 1333 1945 dilectionis
1370 1880 1495 1963 signum
1526 1880 1667 1961 sigillum
1693 1880 1834 1943 nostrum

528 1972 735 2057 apposuimus
755 1971 789 2034 in
810 1969 1022 2034 testimouium
1044 1975 1075 2033 et
1095 1968 1265 2034 munimen.
1660 2034 1663 2039 ,

608 2061 701 2123 Anno
722 2056 842 2122 domiui
862 2056 1121 2138 M⁰CCC⁰XXlI⁰,
1142 2064 1246 2122 actum
1268 2064 1299 2123 et
1320 2057 1427 2123 datum
1448 2060 1481 2123 iu
1503 2058 1556 2123 die
1576 2055 1755 2123 Laurenoii.

606 2175 711 2231 Urseius.
729 2176 819 2229 Wera.
859 2173 921 2227 Dae
948 2174 1110 2243 msebcbigte
1132 2175 1316 2243 parabolraobe
1341 2176 1546 2245 damasiani
1571 2178 1637 2246 aciat
1668 2178 1715 2233 SS.
1740 2176 1836 2231 Petrus

530 2244 590 2300 arrd
599 2244 704 2299 Paulae
722 2246 752 2297 in
769 2244 844 2298 rnelrr
860 2246 902 2297 cis
920 2244 1009 2299 baller
1019 2243 1107 2312 lipia
1124 2251 1203 2298 amtor
1220 2245 1304 2299 ciram
1314 2246 1468 2299 Baldocbr'a
1486 2246 1545 2299 carrd
1557 2249 1620 2301 siber·
1633 2248 1705 2302 eiam
1720 2246 1834 2305 Cornucio.

538 2316 696 2384 Umsebritt:
722 2320 740 2380 τ
759 2314 1042 2369 ......PETRI:ET
1058 2316 1166 2371 PAVLI
1184 2316 1222 2369 IN
1240 2314 1437 2382 HENIGGE†.
1478 2316 1534 2386 Vyi.
1553 2334 1587 2370 ru
1605 2316 1657 2371 N-r.
1676 2323 1719 2374 43.

603 2422 629 2489 1)
648 2418 679 2476 G·
698 2420 766 2474 roobi
784 2445 818 2465 =
836 2420 985 2475 Gertrudia.
1004 2450 1037 2459 -
1057 2420 1086 2488 2)
1104 2420 1167 2475 Dae
1191 2419 1304 2477 Verbraa
1323 2422 1403 2489 tebit!

532 2578 645 2660 rasa
672 2577 800 2680 apin
816 2577 856 2661 4.
1049 2566 1299 2575 “-
1774 2578 1835 2663 aa.

633 2710 701 2778 Der
721 2711 824 2777 asua-
842 2712 1009 2776 Hermann
1029 2733 1088 2777 ooo
1107 2712 1248 2779 Goroiscb
1267 2714 1332 2795 uter
1351 2714 1420 2779 dene
1440 2715 1480 2779 K
1482 2715 1572 2780 loster
1600 2716 1755 2783 Wctcrlcr
1779 2716 1838 2779 das

632 2810 822 2890 Elpeatiram
842 2810 925 2873 anes
944 2810 1043 2890 Hofes
1062 2811 1196 2875 emeda
1215 2813 1284 2875 aad
1310 2814 1365 2876 der
1393 2815 1487 2876 daria
1514 2814 1692 2896 copelata
1716 2812 1836 2886 Miiide,

632 2907 740 2971 welde
757 2907 911 2970 Heinrich
927 2907 1096 2990 Moleabof
1109 2928 1169 2973 vore
1190 2908 1253 2971 ibor
1273 2929 1314 2973 aa
1336 2910 1425 2973 Laba
1444 2912 1535 2974 batte.

612 3024 679 3089 Nos
700 3022 899 3088 Hermannus
922 3023 1013 3088 miles
1034 3022 1074 3088 de
1094 3024 1263 3089 Gowische
1283 3024 1388 3089 lucide
1410 3027 1662 3108 recognoscimus
1682 3027 1837 3103 omnibus,

534 3114 649 3197 quibus
669 3117 832 3197 presentes
853 3111 994 3177 exhibite
1014 3112 1144 3192 fuerint,
1171 3112 1298 3195 publice
1320 3118 1544 3196 protestantes,
1569 3116 1652 3198 quod
1678 3116 1838 3199 quandam

532 3203 654 3269 'curiam
680 3202 775 3265 sitam
802 3201 836 3265 in
863 3200 942 3264 villa
963 3200 1173 3281 Waterleren‚
1198 3220 1293 3284 quam
1319 3203 1474 3269 Henricus
1500 3204 1603 3270 dictus
1631 3206 1796 3271 Molenbof
1818 3220 1838 3265 a

532 3292 625 3357 nobis
646 3292 677 3354 iu
699 3288 791 3355 feodo
811 3289 921 3368 tonuit,
939 3294 972 3355 et
991 3290 1204 3357 molendinum
1226 3291 1259 3355 in
1280 3291 1353 3374 ipsa
1373 3292 1461 3356 ouria
1482 3292 1661 3359 edificatum
1683 3302 1715 3362 et
1735 3294 1837 3361 eidem

534 3382 621 3445 curie
650 3378 804 3443 adiacens
838 3378 1079 3461 appropriamus
1112 3398 1168 3443 seu
1206 3380 1438 3463 proprietamus
1471 3382 1605 3448 ecclesie
1638 3380 1837 3450 conventuali

535 3467 822 3535 sanctimonialium
842 3467 984 3531 eiusdem
1006 3467 1068 3532 loci
1090 3467 1208 3533 dictam
1230 3468 1349 3533 curiam
1371 3488 1442 3534 cum
1453 3470 1634 3537 molendino
1651 3473 1839 3538 etomnibus

535 3558 602 3623 suis
627 3556 827 3640 pertinentiis
853 3562 885 3619 et
912 3556 1139 3637 usutiuctibus,
1164 3558 1296 3622 liberam
1324 3566 1355 3623 et
1382 3558 1424 3623 ab
1450 3560 1538 3625 omni
1564 3562 1638 3644 iugo
1666 3560 1839 3628 advocacie

535 3646 588 3713 vel
608 3644 770 3712 servitutis
789 3650 992 3709 exoneratam
1012 3647 1094 3709 iusto
1114 3646 1318 3729 proprietatis
1331 3648 1422 3713 titulo
1438 3656 1590 3734 perpetue
1604 3649 1839 3734 possidendam.

536 3736 586 3800 Ne
607 3740 713 3799 autem
735 3732 768 3797 in
789 3733 850 3799 hoc
868 3733 952 3799 facto
978 3754 1036 3817 per
1061 3735 1185 3817 aliquos
1213 3742 1336 3801 nostros
1361 3744 1503 3821 posteros
1530 3740 1695 3821 quisquam
1722 3741 1841 3805 oriatur

537 3822 757 3908 impedimenti
783 3822 962 3907 scrupulus,
994 3824 1133 3905 sigillum
1165 3829 1304 3889 nostrum
1335 3827 1535 3908 presentibus
1566 3829 1712 3895 duximus
1744 3844 1841 3913 appo

536 3914 682 3980 nendum
723 3912 835 3976 Testes
856 3911 950 3976 huius
970 3921 1056 3977 sunt:
1081 3912 1259 3977 Waltberus
1280 3913 1320 3979 de
1341 3914 1458 3997 Leren,
1480 3915 1638 3982 Iohannes
1660 3918 1700 3982 de
1720 3917 1840 3985 Sudha-

536 4002 622 4086 rode,
644 4001 799 4067 Henricus
821 3999 860 4064 de
884 4000 1019 4083 Boobde,
1040 4000 1192 4066 Ludollirs
1212 4008 1244 4067 et
1263 4002 1368 4069 Bruno
1389 4002 1429 4069 de
1450 4004 1567 4089 Gitere,
1588 4012 1620 4072 et
1640 4008 1840 4093 quamplures

536 4091 594 4157 alii
611 4090 776 4174 fidedigni.

618 4182 737 4246 Datum
753 4198 837 4243 anno
856 4177 976 4244 domini
993 4179 1267 4257 M⁰CCC⁰XXllI⁰‚
1287 4181 1439 4267 feriaffl,
1459 4182 1493 4247 in
1514 4182 1567 4251 die
1587 4184 1674 4250 beati
1682 4178 1839 4249 Ambrosii

538 4269 736 4337 confessoris.

614 4388 720 4447 Umbr.
739 4405 766 4442 a.
783 4387 860 4458 Pcrp.
877 4387 928 4443 mit
944 4386 1004 4442 dem
1025 4389 1085 4456 Taf.
1102 4388 1158 4457 XI,
1176 4392 1211 4444 77
1229 4388 1404 4458 obpebildcten
1421 4390 1606 4461 custodique
1624 4390 1718 4462 &spei
