4459 5167
1418 319 1510 374 Nr.
1554 321 1666 374 108.
1708 322 1822 374 109.
1862 339 1907 376 a„
1950 321 2099 375 1480.
2966 329 3062 380 179

459 465 697 547 1480.
754 465 962 565 Aug
1024 468 1150 548 953
1205 468 1935 551 Giebichenstein.
2881 475 3061 556 109.

660 590 879 668 Ernst,
923 593 1425 657 Administrator
1454 614 1538 660 zu
1559 593 1953 675 Maydebury
1992 595 2131 658 und
2158 595 2583 672 Halberstadt,
2626 598 2906 678 besidtiyt
2944 601 3065 662 (len

660 688 1002 769 repulirten
1026 691 1788 770 Auyustinereinsiedler-
1805 692 2153 756 Conventen
2196 712 2279 757 zu
2307 693 2722 775 Maydebury,
2767 695 3066 759 Himmel-

647 786 903 866 pforten
959 788 1098 849 und
1141 787 1623 868 Sanyerhausen
1674 788 1796 851 alle
1839 789 1969 851 ihre
2014 788 2387 869 Pri-vileye'en
2429 792 2568 853 ‘cond
2617 796 2894 871 qestattet
2939 794 3066 855 ins-
4066 734 4080 874 1

660 883 983 946 besondere
1052 884 1227 947 ihren
1285 885 1548 948 Vicaren
1617 886 1757 948 und
1823 884 2112 948 Prioren
2156 886 2319 948 nach
2378 886 2543 949 allen
2609 887 2795 951 Orien
2863 891 3067 953 semer

658 976 959 1042 Disicesen
999 980 1194 1044 solehe
1220 980 1480 1044 Briider
1519 983 1971 1059 auszusenden,
2014 983 2231 1045 welche
2269 985 2362 1049 sle
2399 1004 2544 1048 zum
2590 984 2895 1067 Predz'yen
2928 988 3066 1050 und

653 1076 1094 1140 Beichteho‘ren
1113 1154 1120 1162 .
1133 1078 1247 1159 fiir
1287 1079 1562 1159 yeeiynd
1597 1078 1825 1142 halten.

615 1191 918 1258 Ernestus
993 1195 1098 1259 dei
1169 1196 1380 1277 gratia
1453 1202 1672 1260 sancte
1736 1196 2307 1278 Magdeburgensis
2382 1205 2446 1263 et
2508 1197 3066 1263 Halberstadensis

347 1291 355 1326 ⁸
452 1282 864 1346 ecclesiarum
907 1283 1398 1364 administrator,
1441 1283 1571 1348 dux
1611 1286 1887 1348 Saxonie
1931 1293 2029 1349 etc
2062 1335 2077 1365 ,
2130 1286 2602 1350 venerabilibus
2646 1293 2708 1350 et
2752 1287 3066 1368 religiosis

452 1369 741 1452 patribus
759 1372 1015 1441 vicario,
1049 1372 1372 1455 prioribus,
1386 1374 1736 1454 ceterisque
1768 1373 2009 1438 ordinis
2035 1373 2474 1438 heremitarum
2503 1376 2704 1439 sancti
2725 1375 3065 1456 Augustini

450 1458 751 1524 fratribus
803 1469 1216 1525 conventuum
1272 1461 1869 1544 Magdeburgensis,
1926 1462 2231 1526 Porteceli
2290 1471 2354 1527 et
2410 1465 2949 1545 Sangerhusensis
3000 1464 3066 1528 in

452 1546 588 1610 vita
669 1548 942 1628 regulari
1019 1549 1359 1614 secundum
1424 1549 1667 1615 ordinis
1744 1552 1840 1614 sui
1916 1551 2207 1614 instituta
2278 1560 2575 1616 strennue
2648 1551 3066 1615 militantibus

452 1642 807 1700 nostrarum
849 1637 1196 1703 diocesium
1249 1639 1648 1723 presentibus
1707 1646 1771 1704 et
1827 1638 2051 1702 futuris
2094 1640 2360 1704 salutem
2406 1641 2470 1703 in
2530 1640 2782 1703 domino
2837 1640 3064 1719 sempi-

451 1730 714 1788 ternam.
799 1725 953 1790 Cum
999 1727 1288 1791 dominus
1327 1728 1546 1792 lhesus
1569 1726 1857 1792 Christus
1900 1728 1965 1791 in
2010 1735 2227 1792 sancte
2270 1748 2381 1793 sue
2426 1729 2688 1792 ecclesie
2733 1728 2924 1791 vinea
2953 1747 3065 1790 vos

450 1832 635 1876 veros
676 1815 945 1879 cultores
988 1836 1065 1881 ae
1105 1815 1532 1899 predicatores
1573 1835 1689 1880 sua
1731 1837 1905 1880 mera
1946 1814 2268 1879 ordinavit
2288 1817 2545 1899 pietate,
2591 1817 2698 1897 qui
2728 1816 3065 1879 mundanis

450 1904 884 1968 renuntiantes
906 1905 1157 1986 pompis
1182 1905 1611 1988 spectaculum
1636 1904 1790 1968 facti
1814 1903 2066 1982 mundo,
2096 1903 2344 1985 angelis
2371 1910 2434 1966 et
2458 1903 2834 1982 hominibus,
2864 1903 3063 1984 ipsius

451 1992 704 2055 vineam
754 1992 889 2074 iugi
944 1992 1220 2056 colentes
1270 1991 1605 2072 famulatu,
1666 2000 2031 2076 eapropter,
2094 1991 2528 2070 dilectissimi,
2590 2012 2668 2055 ex
2727 1992 3063 2074 pastoralis

450 2079 643 2144 officii
669 2078 1115 2161 sollieitudine,
1157 2081 1335 2145 cuius
1357 2100 1514 2145 onus
1547 2101 1925 2162 quamquam
1945 2079 2470 2144 insufficientibus
2493 2081 2733 2144 meritis
2766 2081 3061 2160 gerimus,

450 2188 566 2232 vos
587 2168 929 2234 cordialius
944 2169 1379 2253 amplectimur
1396 2170 1625 2234 vestris
1646 2176 1996 2257 annuentes
2019 2170 2143 2252 piis
2156 2168 2511 2249 desideriis,
2531 2169 3062 2251 petitionibusque

449 2257 794 2323 humilibus
824 2278 1024 2341 nuper
1060 2260 1242 2323 nobis
1267 2260 1587 2341 porrectis,
1633 2279 1848 2323 omnes
1880 2259 2227 2340 apostolice
2271 2257 2441 2322 sedis
2483 2259 2754 2338 gracias,
2800 2257 3062 2335 indulta,

449 2344 881 2428 exemptiones
924 2353 988 2409 et
1030 2347 1395 2430 privilegia,
1451 2347 1892 2426 indulgencias
1935 2349 2190 2429 insuper
2243 2347 2409 2409 dicte
2455 2346 2628 2410 sedis
2671 2347 3061 2426 aliorumque

449 2435 799 2514 legatorum
842 2454 951 2499 seu
994 2436 1402 2518 prelatorum,
1446 2455 1605 2517 quas
1647 2437 1961 2500 autentice
2006 2435 2435 2498 demonstrare
2477 2435 2773 2517 potestis,
2815 2443 2878 2497 et
2924 2452 3060 2516 pre-

448 2522 635 2606 cipue
678 2522 1142 2606 predicacionis
1182 2542 1259 2587 ac
1294 2525 1706 2588 confessionis
1747 2526 2038 2606 gratiam,
2079 2544 2223 2605 qua,
2268 2532 2333 2586 ut
2375 2524 2763 2605 accepimuS‚
2809 2523 3062 2604 copiose

447 2610 682 2675 suffulti
708 2611 859 2675 estis
881 2611 1298 2676 Romanorum
1324 2611 1685 2695 pontificum
1723 2613 2096 2695 privilegiis,
2142 2612 2418 2692 benigno
2457 2611 2676 2675 favore
2718 2609 3062 2673 secuudum

448 2707 728 2764 tenorem
763 2699 1044 2764 clausule
1086 2700 1380 2780 ‘dudum'
1419 2700 1498 2763 de
1521 2702 1845 2783 sepultura
1883 2703 2308 2784 approbamus
2347 2707 2409 2763 et
2433 2699 2817 2783 presentium
2846 2706 3059 2763 tenore

448 2786 851 2864 ratificamus,
894 2788 1288 2853 addicientes
1321 2808 1397 2852 ex
1422 2790 1682 2872 speciali
1714 2791 1941 2871 gratia,
1984 2791 2150 2871 quod
2178 2809 2397 2853 omnes
2419 2795 2481 2851 et
2511 2788 2794 2866 singulos
2812 2789 3057 2864 iratres,

447 2894 606 2957 quos
635 2876 908 2940 vicarius
948 2885 1058 2941 aut
1088 2877 1329 2960 priores
1361 2877 1780 2959 predictorum
1808 2885 2223 2941 conventuum
2270 2897 2383 2960 pro
2409 2885 2685 2958 tempore
2718 2875 3059 2937 existentes

445 2965 513 3029 in
558 2963 887 3045 quibusvis
939 2965 1095 3027 locis
1146 2971 1257 3028 aut
1309 2965 1591 3029 terminis
1634 2974 1981 3030 nostrarum
2025 2966 2391 3047 dyocesium
2433 2974 2751 3045 tamquam
2797 2962 3059 3026 idoneos

446 3060 512 3117 et
553 3050 934 3116 sufficientes
976 3053 1056 3115 ad
1093 3053 1558 3135 predicacionis
1601 3073 1677 3117 ac
1718 3055 2132 3118 confessionis
2173 3053 2489 3117 audiende
2524 3051 2732 3115 officia
2764 3051 3059 3114 duxerint

445 3141 808 3221 mittendos,
845 3142 910 3204 in
960 3160 1083 3222 quo
1126 3141 1546 3206 conscientias
1589 3141 1928 3206 eorundem
1973 3143 2363 3224 superiorum
2404 3161 2479 3204 ac
2521 3140 2794 3223 priorum
2836 3157 3053 3201 onera-

446 3247 602 3303 mus,
647 3228 729 3292 ab
770 3229 1085 3294 universis
1126 3237 1189 3293 et
1217 3229 1485 3310 singulis
1520 3230 1871 3294 divinorum
1912 3230 2258 3294 rectoribus
2288 3236 2350 3292 et
2380 3226 2762 3309 quibuslibet
2793 3228 3056 3310 prelatis

445 3337 563 3402 per
585 3317 879 3383 civitates
924 3325 987 3381 et
1027 3317 1314 3382 dioceses
1352 3327 1597 3382 nostras
1623 3319 1805 3382 nobis
1829 3318 2219 3395 subiectis(!)
2263 3337 2377 3400 pro
2421 3315 2799 3398 presentatis
2841 3323 2904 3377 et
2946 3313 3056 3377 ad-

445 3407 659 3471 missis
715 3405 1095 3486 habeantur3
1156 3426 1311 3488 quos
1377 3427 1488 3490 per
1550 3416 1874 3490 presentes
1940 3407 2158 3471 haberi.
2226 3415 2289 3469 et
2348 3404 2544 3468 teneri
2599 3402 2886 3466 volumus
2941 3422 3054 3484 pro

446 3496 827 3580 presentatis
898 3503 962 3559 et
1036 3495 1362 3573 admissis,
1433 3497 1730 3559 seriosius
1797 3496 2205 3579 precipiendo
2274 3493 2673 3572 mandamus,
2743 3499 3056 3574 quatenus

443 3586 671 3650 fratres
728 3585 824 3649 sie
876 3589 1273 3666 presentatos
1326 3585 1389 3647 in
1441 3585 1574 3649 suis
1630 3585 1931 3650 videlicet
1993 3583 2405 3648 confessionis
2476 3589 2538 3645 et
2604 3580 3056 3664 predicationis

443 3674 695 3738 actibus
749 3692 827 3737 ac
878 3673 1067 3737 etiam
1121 3673 1534 3755 petitionibus
1584 3674 1901 3737 consuetis
1964 3674 2100 3736 sine
2158 3671 2655 3736 contradictione
2709 3679 2892 3751 grato
2945 3670 3053 3732 ad-

444 3764 713 3827 mittatis
776 3760 1011 3826 honore
1089 3771 1152 3824 et
1215 3763 1669 3843 promoveatiS,
1743 3760 2157 3842 benivoloque
2224 3761 2619 3843 pertractetis
2675 3759 2931 3823 affectu.
2986 3764 3056 3821 ut

443 3871 686 3916 merces
739 3858 951 3914 vestra
1005 3851 1258 3932 copiose
1315 3851 1379 3912 in
1423 3851 1627 3915 medio
1689 3851 1989 3914 iustorum
2053 3849 2455 3932 perhenniter
2496 3848 2698 3930 possit
2763 3846 3053 3923 inveniri,

446 3938 848 4023 presentibus
901 3957 1097 4019 usque
1151 3937 1233 4002 ad
1288 3945 1562 4002 nostram
1628 3958 1988 4020 expressam
2040 3937 2507 4001 renovationem
2562 3935 2894 3998 duraturis.
2980 3935 3052 3996 In

444 4046 704 4110 quorum
745 4027 932 4092 fidem
976 4035 1039 4092 et
1076 4027 1500 4091 testimonium
1545 4029 1984 4110 premissorum
2033 4026 2311 4105 sigillum
2349 4034 2626 4089 nostrum
2655 4024 3056 4106 presentibus

446 4123 544 4181 est
586 4135 953 4199 appensum.

607 4204 843 4269 Datum
886 4205 949 4267 in
989 4209 1197 4269 castro
1240 4212 1449 4268 nostro
1495 4204 1993 4282 Gebiehinstein,
2038 4225 2204 4268 anno
2248 4202 2486 4266 domini
2530 4200 2862 4266 millesimo
2905 4219 3056 4280 qua-

448 4292 944 4374 dringentesimo
986 4293 1436 4373 octuagesimo,
1479 4292 1787 4357 sabbato1
1831 4293 2053 4373 vigilia
2099 4294 2300 4356 sancti
2348 4291 2672 4355 Laurentii
2718 4290 3013 4353 martiris.

592 4390 800 4457 θορὼν.
840 4390 1087 4456 LXIII,
1147 4391 1233 4444 ΒΖ.
1272 4393 1376 4443 407
1417 4390 1493 4443 im
1535 4391 1725 4458 kqul.
1765 4390 2130 4443 Staatsarchii
2181 4407 2251 4443 zu
2297 4389 2641 4456 Maqdelmrq.
2727 4387 2917 4452 moen
2962 4385 3056 4437 cler

452 4459 622 4512 Form
657 4459 747 4513 des
785 4460 1067 4529 E'inyanqs
1103 4462 1172 4513 ist
1207 4478 1274 4519 :u
1314 4460 1463 4527 zmeryl
1502 4459 1597 4513 der
1635 4461 2038 4528 Besliitiyemys-
2018 4463 2125 4512 121
2129 4462 2195 4526 ee}
2237 4461 2302 4514 Β.
2342 4459 2614 4512 Albrechts
2651 4476 2691 4511 ι.
2716 4457 2977 4508 Hullmst.
3008 4471 3052 4506 2.

2550 4551 2660 4602 1)*
