4459 5167
556 351 573 399 1
941 347 1331 402 Deutschordens-Commende
1350 348 1478 417 Langcln.

554 494 691 577 pecunia
711 501 817 557 essent
837 499 1028 577 comparate.
1062 494 1163 575 Igitur
1175 514 1245 559 cum
1260 495 1387 560 decreto
1404 497 1560 560 communi
1575 497 1703 561 maioris
1721 497 1861 578 66616616

555 581 701 645 dominns
722 590 829 646 noster
849 583 1018 667 episcopus
1038 582 1147 647 uillam
1164 584 1295 667 Langen
1317 605 1387 649 corn
1409 586 1545 650 66616616
1565 586 1766 669 parrochiali,
1787 605 1861 649 cunr

553 670 645 749 silva,
667 671 776 754 pratis,
798 672 956 754 66661616,
978 671 1066 752 agris
1086 672 1181 735 cultis
1202 680 1234 736 et
1254 673 1389 753 incultis,
1411 674 1474 737 viis
1495 680 1527 737 et
1548 674 1644 737 inviis
1660 693 1699 739 ac
1713 672 1862 737 omnihus

553 760 753 843 pertinentiis
774 767 945 824 memorato
965 761 1117 841 magistro
1136 760 1268 825 contulit
1288 762 1459 827 traditione
1479 763 1695 844 sollempniter
1719 762 1805 825 l'acta
1825 760 1861 824 in

554 849 650 931 plena
669 849 790 931 synodo
810 849 842 912 in
866 848 960 913 choro
978 848 1236 931 Bahenhergensi
1258 851 1379 930 maiori,
1407 852 1558 933 requisito
1580 870 1734 916 consensu
1754 851 1863 932 singu-

555 939 655 1002 lorum
682 946 747 1001 tarn
772 937 813 1003 de
838 944 946 1002 nostra
971 957 1065 1019 quam
1095 938 1136 1002 de
1163 940 1275 1003 maiori
1303 939 1439 1004 ccclesia
1466 941 1687 1004 canonicorum
1709 960 1748 1005 ac
1768 940 1861 1003 mini-

552 1027 726 1093 sterialium
762 1027 900 1109 66616616
932 1027 1145 1109 plurimorum.
1205 1027 1317 1092 Testes
1352 1028 1445 1092 huius
1476 1029 1537 1094 rei:
1587 1029 1697 1112 Boppo
1729 1028 1861 1092 maioris

553 1117 688 1181 ecclesie
715 1122 747 1181 et
776 1116 877 1180 sancti
896 1115 1003 1179 166611
1031 1116 1228 1199 6666661166,
1255 1116 1391 1181 Sitridus
1421 1126 1529 1182 sancte
1551 1118 1653 1199 Mario,
1680 1118 1862 1201 prepositus

552 1205 792 1285 Turstadensis,
823 1202 1029 1285 Gundelogus
1051 1204 1327 1285 661611666666,
1360 1206 1523 1271 Rhlandus
1547 1207 1747 1281 scolasticus,
1777 1206 1862 1269 llar-

552 1293 692 1376 quardus
719 1293 934 1357 thesaurarius
965 1301 997 1355 et
1024 1298 1091 1357 tota
1119 1294 1310 1358 universitas
1334 1296 1464 1360 maioris
1496 1296 1649 1377 66616616,
1683 1294 1722 1359 16
1754 1303 1861 1359 monte

506 1428 510 1437 ·
552 1383 655 1447 sancti
677 1380 859 1461 Michaelis,
880 1381 1109 1454 (tharisiensis,
1131 1381 1408 1446 Miohelveldensis
1430 1384 1578 1465 6116166
1611 1384 1699 1448 laici:
1729 1383 1863 1447 illustris

552 1472 616 1536 dnn
637 1471 778 1553 11666616
798 1471 890 1549 0116,
915 1470 1083 1533 Η61661666
1111 1470 1192 1534 11166
1212 1470 1252 1534 16
1274 1471 1481 1552 Grilenstein,
1508 1472 1664 1556 thertus
1692 1492 1796 1537 comcs
1817 1473 1860 1537 de
1904 1534 1909 1539 .

552 1560 715 1639 Chastele;
743 1559 968 1624 ministeriales
994 1560 1130 1642 ecclesie,
1154 1560 1302 1624 Alhertus
1328 1560 1369 1624 de
1391 1562 1605 1641 Tunnenvelt,
1632 1559 1799 1642 Herdegen
1828 1570 1862 1624 ct

552 1650 682 1716 Heinrio
702 1649 743 1712 16
764 1648 858 1729 Ritte,
881 1648 1014 1712 Eherart
1035 1648 1076 1711 de
1089 1648 1296 1723 Wisentowe,
1319 1648 1430 1733 Boppo
1451 1650 1491 1713 de
1513 1649 1708 1730 Stierherch,
1730 1649 1862 1714 Heinrio

551 1738 592 1803 de
611 1738 764 1818 Nideohe,
785 1738 914 1801 Heinrio
936 1738 977 1801 (16
998 1737 1185 1819 Stritherch,
1202 1738 1438 1802 Erchenhrccht
1458 1738 1582 1824 dapifer
1604 1739 1644 1803 16
1666 1739 1861 1819 Β616661616,

550 1828 714 1909 116666661
734 1826 891 1906 Slicchar,
914 1825 1047 1889 Eherart
1068 1825 1108 1891 de
1129 1825 1355 1908 Keschendort',
1379 1827 1531 1892 Volnlant
1552 1827 1592 1893 16
1614 1827 1861 1908 Egelolvestein‚

551 1916 660 1982 etalii
682 1915 893 1998 quamplures.

635 2005 717 2069 Acta
749 2008 822 2067 sunt
856 2002 916 2085 166
945 2021 1030 2065 6666
1067 2002 1225 2083 dominice
1258 2003 1485 2071 incarnationis
1514 2004 1736 2085 M⁰CC⁰XIX⁰‚
1776 2024 1864 2070 anno

553 2093 757 2179 pontificatus
778 2090 899 2156 domini
919 2090 1157 2171 E(cchcherti)2
1177 2092 1319 2176 episcopi
1340 2092 1440 2157 XV10.

625 2219 730 2273 Urachr.
750 2219 799 2271 mit
815 2218 913 2271 orclem
933 2217 1016 2286 816661
1033 2217 1065 2269 ia
1083 2217 1185 2270 rothem
1212 2217 1306 2271 Wochc
1324 2218 1373 2271 orit
1389 2220 1607 2289 pmaaoerrartr'gcr
1625 2220 1803 2289 Duratellrrnq
1820 2240 1862 2275 aa

549 2290 643 2344 rothen
655 2287 835 2355 8611661ᾰά666
851 2288 894 2340 W.

626 2404 653 2471 1)
671 2404 708 2456 Ia
724 2402 772 2457 der
795 2400 923 2456 Urlamde
939 2416 995 2454 aar
1012 2402 1042 2455 Β.
1061 2431 1092 2440 -
1115 2402 1144 2468 2)
1169 2400 1230 2456 Uala
1249 2402 1316 2456 11666
1333 2402 1366 2457 Ε.

550 2595 661 2677 1219.
1819 2600 1860 2682 d.

651 2729 723 2794 Das
743 2727 938 2807 Domcapitel
956 2746 998 2790 66
1018 2726 1176 2807 Bumberp
1196 2728 1338 2809 bcstdtipt
1357 2730 1408 2792 dic
1428 2729 1665 2810 Vardussorrotp
1686 2732 1739 2793 des
1759 2731 1863 2815 Dorfs

651 2826 793 2989 graffo
814 2825 926 2889 serens
947 2824 1000 2886 (166
1021 2824 1113 2903 srifrs
1134 2823 1165 2888 S.
1181 2825 1290 2890 166611
1313 2826 1346 2890 iro
1367 2826 1525 2908 1166161666
1546 2847 1589 2889 art
1610 2828 1670 2891 (166
1694 2829 1861 2895 deutschen

629 3040 669 3104 G:
698 3040 735 3103 In
756 3037 884 3103 nomine
905 3044 1015 3101 sancte
1036 3043 1067 3100 et
1092 3035 1259 3101 individue
1285 3037 1444 3103 trinitatis.
1474 3039 1650 3124 Β1(6666)1
1677 3040 1728 3104 161
1748 3044 1862 3123 gracia

550 3129 746 3213 6666661166,
776 3124 1025 3207 (1(661616666),
1061 3124 1202 3189 1666666
1231 3132 1263 3189 61
1291 3132 1390 3190 totum
1418 3128 1696 3211 Bahcnbergonsis
1722 3132 1862 3215 66616616

553 3218 726 3303 capitulum
748 3216 894 3280 omnihus
914 3214 998 3277 hanc
1020 3214 1171 3296 paginam
1193 3214 1383 3297 inspecturis
1404 3217 1537 3280 salutern
1558 3219 1591 3281 in
1613 3238 1664 3299 66,
1689 3239 1861 3302 perquem

549 3308 635 3371 salus
655 3305 802 3370 omniurn.
845 3302 924 3368 Corn
946 3302 1106 3366 hominurn
1130 3310 1198 3365 6166
1220 3322 1254 3367 66
1276 3322 1436 3384 nunquam
1459 3306 1492 3368 in
1515 3305 1626 3371 eodem
1648 3316 1732 3371 statu
1755 3328 1861 3389 repre-

548 3401 652 3460 sentet
673 3401 705 3458 et
726 3392 876 3475 temporis
897 3393 1007 3475 lapsus
1029 3392 1223 3456 oblivionem
1244 3392 1384 3472 inducat,
1406 3402 1715 3459 consentaneumest
1733 3397 1862 3477 6611661,

550 3492 584 3551 61
605 3502 644 3549 66
664 3502 725 3565 666
747 3484 831 3546 1666
848 3479 911 3545 lide
932 3480 1168 3561 contrahuntur,
1186 3480 1340 3562 scripture
1363 3482 1444 3546 serie
1463 3483 1655 3548 roborentur.
1697 3483 1780 3547 Hinc
1802 3496 1862 3567 661,

550 3573 635 3657 6661
664 3571 810 3637 omnibus
837 3571 921 3634 hanc
948 3568 1100 3652 paginam
1126 3569 1316 3651 inspecturis
1338 3570 1485 3637 duximus
1504 3571 1746 3650 declarandum,
1774 3576 1861 3654 6661

548 3676 625 3727 cum·
641 3660 778 3726 ecclesia
800 3659 902 3724 sancti
924 3659 1033 3723 Iacchi
1055 3658 1165 3722 villam
1186 3660 1219 3722 in
1236 3659 1367 3741 Langen
1389 3661 1531 3742 pluribus
1552 3660 1644 3725 annis
1667 3660 1861 3728 infructuose

548 3749 757 3835 possedisset,
790 3756 824 3813 ut
855 3754 983 3832 propter
1020 3748 1146 3831 imperii
1181 3748 1391 3813 turbationem
1419 3756 1450 3814 et
1476 3748 1628 3832 grandem
1657 3750 1758 3813 tocius
1784 3750 1861 3815 Ala-

548 3839 679 3921 6666616
707 3837 946 3903 commotionem
974 3835 1078 3900 nullus
1104 3836 1206 3900 cidem
1235 3836 1390 3900 debonis
1419 3838 1538 3902 eisdem
1568 3856 1642 3901 6666
1663 3836 1713 3901 vel
1735 3838 1861 3905 utilitas

548 3930 748 4012 proveniret,
771 3927 968 4005 Hermanno,
994 3926 1146 4005 magistro
1169 3925 1338 4005 hospitalis
1360 3934 1470 4007 sancte
1491 3925 1593 4005 Marte,
1613 3924 1860 3993 Teutonicorunr

547 4017 830 4093 lherosolimitano,
852 4013 996 4077 redditus
1017 4013 1146 4077 eosdem
1157 4012 1370 4078 vendiderunt
1389 4033 1446 4095 pro
1460 4012 1701 4094 quadringentis
1718 4022 1751 4077 61
1768 4017 1860 4096 quin-

546 4107 703 4189 quaginta
723 4106 839 4169 marcis
858 4104 912 4167 fini
936 4104 1061 4184 argenti
1083 4103 1141 4167 tali
1163 4102 1344 4166 conditione
1363 4101 1532 4180 mediante,
1554 4100 1637 4181 quod
1656 4100 1739 4166 idem
1755 4107 1861 4171 sancti

548 4194 656 4259 166611
680 4192 824 4258 canonici
854 4193 1029 4257 iuramento
1048 4212 1082 4255 se
1103 4191 1310 4255 communiter
1331 4192 1561 4267 astrinxerunt,
1581 4196 1616 4252 ut
1637 4190 1720 4253 idem
1744 4210 1862 4274 argen-

547 4288 613 4347 tum
634 4282 667 4345 in
688 4282 805 4347 nullius
832 4301 970 4363 unquam
999 4300 1089 4345 usum
1115 4279 1321 4353 conterretur,
1350 4278 1407 4343 sed
1429 4278 1580 4341 intactum
1611 4290 1862 4365 conservaretur,

547 4369 648 4435 donec
668 4372 700 4435 in
722 4370 864 4436 redditus
885 4372 1011 4453 aliquos
1031 4368 1169 4450 ecclesie,
1192 4368 1285 4431 utiles
1303 4366 1475 4448 emptionis
1501 4366 1592 4430 titulo
1619 4368 1861 4449 expenderetur.

547 4461 601 4527 sio
621 4460 731 4527 eodem
752 4468 885 4543 argento
903 4459 1086 4542 amagistro
1104 4456 1247 4541 66611616
1263 4455 1393 4538 6666116
1411 4460 1566 4539 66666616,
1586 4453 1732 4519 dominus
1751 4466 1862 4527 noster
