4459 5167
496 336 546 389 134
807 333 970 401 Augmtiner
988 330 1239 385 Ebuicdlcrklostcr
1257 326 1485 397 llimmclpforten.

492 527 606 610 1324.
633 524 874 608 November
898 525 959 606 14.
1733 517 1796 600 52.

593 670 766 745 Joouuues,
803 668 940 747 Biscbof
962 687 1021 730 con
1048 666 1173 740 Koron,
1202 665 1376 744 dbercipnct
1401 664 1470 726 dem
1497 662 1624 726 Kloster
1648 661 1798 725 Himmel

593 770 716 849 psortera
739 771 761 831 2
782 765 894 847 rupen
914 766 983 828 arad
1004 765 1104 845 einipc
1120 766 1240 827 Acclrer
1260 782 1302 826 erc
1323 760 1592 841 Moridioperode,
1616 761 1666 823 die
1686 781 1720 822 er
1740 779 1798 822 von

595 866 655 929 deu
685 864 810 947 Grates
833 884 875 929 arr
909 862 1126 943 Wervaiperode
1149 862 1279 941 pebcast
1305 860 1373 935 aar,
1405 859 1462 921 nait
1489 859 1544 921 der
1570 858 1798 937 Bestimmuop,

596 962 670 1026 dass
688 962 752 1025 ibon
764 960 1033 1026 dononaeitlebens
1050 959 1213 1039 3Scbeffcl
1233 957 1356 1023 Weiacn
1372 956 1506 1038 tourriac
1516 956 1649 1036 percidit
1667 952 1798 1031 werden,

596 1060 677 1123 arceb
703 1060 817 1123 sainna
846 1058 927 1123 Tode
954 1059 1036 1122 dicae
1065 1057 1160 1122 Gerre
1191 1057 1264 1119 abar
1295 1057 1331 1118 in
1357 1055 1456 1119 adher
1480 1055 1666 1139 bestimmter
1701 1053 1801 1119 Wersc

594 1157 795 1238 eosdm-roeitlp
815 1176 875 1221 aar
903 1156 1100 1237 Vertbednap
1121 1155 1259 1219 bommen
1279 1153 1343 1217 soil.

575 1283 611 1347 In
633 1284 761 1347 nomine
782 1287 891 1346 sancte
912 1286 944 1345 et
964 1280 1130 1345 individue
1145 1280 1297 1345 trinitatis
1313 1298 1413 1344 amen.
1445 1278 1513 1343 Nos
1526 1278 1801 1359 fraterlobanoes,

494 1370 546 1435 dei
578 1374 684 1454 gratia
712 1370 977 1449 Gorcnliacensis)
1009 1368 1194 1451 episcopum
1222 1368 1422 1432 attendentes
1452 1366 1531 1431 illud
1561 1366 1799 1452 propheticum:

494 1460 611 1524 Beatus
637 1461 690 1541 qui
720 1458 870 1539 intelligit
900 1476 995 1541 super
1027 1476 1161 1539 egenum
1194 1464 1226 1521 et
1251 1475 1437 1539 pauperem,
1467 1457 1543 1537 quia
1571 1457 1605 1519 in
1632 1456 1686 1520 die
1713 1456 1800 1520 mala

494 1547 644 1613 liberabit
662 1567 732 1613 eum
755 1546 914 1612 dominus!
958 1546 1058 1629 igitur
1078 1546 1154 1628 quia
1173 1545 1287 1610 fratres
1311 1545 1433 1610 ordinis
1452 1545 1676 1612 heremitarum
1696 1546 1799 1609 sancti

494 1637 664 1719 Augustini
692 1637 724 1699 in
748 1637 845 1704 Porta
866 1637 933 1701 Geli
962 1642 1052 1702 extra
1078 1636 1221 1699 homines
1246 1635 1280 1700 in
1309 1653 1437 1700 nemore
1465 1635 1592 1699 domino
1624 1635 1799 1699 servientes

495 1726 598 1790 minus
625 1724 666 1790 dc
692 1726 831 1790 fidelium
860 1726 1069 1809 elecmosynis
1098 1725 1291 1808 percipiunt,
1318 1726 1432 1806 quaml
1459 1724 1539 1788 inter
1563 1724 1707 1790 homines
1727 1743 1799 1788 oon-

494 1822 672 1895 versantes,
700 1815 808 1879 divine
830 1815 1091 1879 remunerationis
1111 1814 1227 1878 intuitu
1253 1821 1285 1879 et
1304 1821 1338 1878 ut
1360 1832 1416 1896 pro
1435 1814 1551 1878 nostris
1570 1818 1603 1878 et
1622 1820 1798 1879 nostrorum

495 1904 728 1987 progenitorum
761 1910 793 1967 et
826 1904 996 1967 amicorum
1022 1902 1161 1966 omnium
1186 1910 1252 1967 tam
1282 1902 1425 1967 vivorum
1457 1921 1552 1983 quam
1583 1901 1799 1967 detunctorum

494 1992 683 2076 neglienciis
704 1992 846 2057 divinum
868 1992 1005 2056 iudicem
1026 1991 1236 2072 interpellent,
1258 1992 1410 2057 emimus2
1432 1992 1479 2056 eis
1497 1992 1530 2057 in
1545 1993 1702 2057 territorio
1723 1993 1801 2058 ville

494 2080 773 2163 Marklingcnrode
794 2100 810 2143 a
834 2079 994 2145 nobilibus
1015 2078 1154 2151 dominis
1175 2079 1337 2144 Friderico
1359 2087 1390 2143 et
1405 2079 1558 2161 Conrado,
1578 2082 1746 2147 comitibus
1767 2082 1800 2146 in

494 2168 730 2250 Wernigerode‚
754 2169 832 2235 duos
856 2188 983 2234 mansos
1004 2174 1036 2233 et
1057 2168 1139 2233 alios
1159 2169 1313 2251 quosdam
1334 2188 1428 2249 agros
1448 2190 1505 2253 pro
1525 2170 1630 2235 XLVI
1640 2172 1756 2235 marcis
1767 2176 1799 2236 et
1880 2199 1891 2210 r

494 2278 551 2342 pro
572 2258 832 2323 leotbonibus3
858 2278 927 2323 cum
939 2256 1072 2323 dimidio
1085 2259 1211 2340 argenti
1227 2257 1477 2339 Stendalgcnsis‚
1499 2258 1800 2341 dequibusdabunt

494 2347 586 2411 nobis
618 2347 753 2428 singulis
791 2346 884 2412 annis
916 2347 982 2411 vite
1011 2352 1118 2413 nostre
1149 2353 1213 2411 tres
1244 2347 1356 2413 choros
1391 2347 1487 2413 tritici
1519 2349 1658 2413 infesto
1696 2349 1799 2413 sancti

494 2434 660 2499 Michaelis
692 2444 723 2500 et
754 2441 826 2519 post
852 2441 990 2500 nostrum
1016 2434 1181 2500 decessum
1210 2436 1380 2520 nepotibus
1406 2438 1522 2501 nostris
1549 2437 1700 2501 fratribus
1729 2437 1800 2501 illos

494 2523 640 2588 divident
671 2523 782 2590 eodem
804 2530 959 2609 ¹tempore
992 2530 1023 2588 et
1059 2523 1153 2587 modo
1184 2524 1395 2607 infrascripto.
1457 2524 1562 2589 Fratri
1590 2524 1726 2590 Iohanni
1760 2524 1800 2589 de

494 2612 646 2677 Bokcnen
679 2614 812 2678 seniori·
826 2612 947 2677 dabunt
979 2613 1146 2677 dimidium
1179 2614 1305 2677 chorum
1339 2620 1372 2678 ct
1403 2614 1493 2678 l'ratri
1519 2614 1657 2678 Henrioo
1684 2614 1799 2679 iuniori

494 2702 681 2767 tantundem
709 2722 748 2765 ac
770 2702 862 2765 fratri
887 2701 1023 2766 Henrioo
1049 2702 1165 2766 iuniori
1194 2708 1316 2766 tantum
1337 2709 1368 2767 et
1391 2703 1480 2765 tratri
1503 2702 1650 2767 Bertoldo
1668 2710 1800 2785 tantum,

494 2791 584 2855 fratri
611 2810 685 2853 vero
706 2790 843 2855 Henrioo
865 2790 970 2873 lagico
989 2792 1046 2871 (l)4
1070 2810 1167 2855 unum
1194 2791 1336 2871 chorum,
1362 2798 1394 2855 et
1415 2797 1487 2874 post
1507 2790 1672 2857 decessum
1693 2794 1799 2875 singu-

494 2880 593 2944 lorum
624 2897 682 2943 sora
715 2880 817 2960 portio
849 2879 891 2943 ad
923 2887 1110 2944 conventum
1145 2880 1320 2964 perveniat.
1362 2880 1396 2944 Si
1423 2887 1529 2944 tamen
1558 2883 1800 2965 premissorum⁵

495 2967 610 3049 aliquis
636 2974 735 3030 morte
767 2968 946 3050 preveniret
979 2967 1144 3033 decessum
1170 2976 1325 3049 nostrum,
1357 2968 1561 3033 nibilominus
1595 2976 1658 3034 tres
1682 2971 1799 3052 integri

495 3057 581 3123 chori
609 3054 769 3119 dabuntur
792 3058 873 3120 sicut
894 3058 989 3140 prius.
1033 3057 1183 3122 Preterea
1205 3058 1232 3121 si
1254 3056 1487 3122 administratio
1509 3058 1650 3142 predicte
1675 3080 1800 3125 annone

494 3163 680 3229 quocunque
702 3144 795 3209 modo
815 3165 873 3228 per
894 3146 1035 3211 ordinem
1056 3146 1107 3212 vel
1129 3146 1384 3229 personaruml‘l)
1405 3146 1439 3209 in
1460 3147 1571 3213 ordine
1595 3147 1803 3231 impediretur

494 3243 527 3302 et
552 3254 614 3298 non
645 3233 773 3298 daretur
805 3234 953 3301 fratribus
985 3234 1155 3301 antedictis
1186 3254 1293 3300 eorum
1320 3236 1436 3319 portio,
1471 3236 1514 3300 ad
1539 3238 1699 3319 proximos
1726 3256 1800 3302 suos

495 3331 627 3406 nepotes
658 3323 817 3406 pertineat
847 3325 940 3406 pleno
972 3325 1056 3405 iure,
1090 3331 1222 3408 excepto
1255 3326 1415 3408 apostasia
1447 3326 1555 3409 lapsu,
1588 3327 1665 3409 quia
1694 3327 1801 3391 taliter

494 3412 674 3479 labentium·
702 3420 874 3477 conventus
906 3414 1041 3498 recipiat
1069 3419 1206 3498 partem,
1239 3412 1341 3479 donec
1380 3422 1567 3496 revertatur,
1602 3420 1633 3479 et
1666 3436 1706 3481 ea
1737 3436 1799 3498 quc

495 3510 636 3585 tempore
664 3521 807 3566 recessus
834 3511 1007 3568 conventus
1037 3504 1170 3587 recepit,
1198 3504 1231 3566 in
1258 3502 1438 3568 reversione
1464 3504 1589 3584 integra
1615 3503 1670 3567 det
1697 3524 1798 3569 rever-

495 3590 589 3673 tenti;
622 3596 654 3654 et
688 3590 715 3653 si
744 3590 873 3671 quidam
899 3612 1004 3657 eornm
1031 3591 1212 3656 infirmitate
1235 3590 1409 3656 defecerint
1433 3593 1616 3657 sansovinm
1637 3588 1691 3678 (22),
1719 3594 1800 3656 inter

495 3679 567 3743 illos
589 3684 620 3743 et
641 3679 858 3745 discretiornm
879 3681 996 3747 talibus
1018 3680 1060 3758 ll)
1084 3680 1125 3743 de
1146 3681 1211 3745 suis
1232 3680 1428 3763 portionibus
1444 3680 1671 3764 providebitur.
1713 3682 1799 3747 Post

496 3784 590 3849 quam
611 3774 715 3831 autem
737 3768 838 3833 omnis
859 3771 964 3835 earnis
985 3767 1128 3834 debitum
1149 3768 1367 3852 persolverint,
1388 3776 1560 3835 conventus
1581 3770 1671 3836 tollet
1691 3792 1800 3836 omnes

496 3864 560 3920 tres
596 3855 706 3920 choros
747 3862 779 3920 et
812 3864 923 3940 quater
949 3860 981 3922 in
1010 3877 1094 3921 anno
1121 3858 1245 3921 solum6
1266 3876 1324 3942 pro
1348 3859 1463 3922 nostris
1490 3865 1521 3923 et
1545 3861 1668 3925 saturer
1694 3869 1801 3927 nostre

496 3944 602 4009 anime
628 3950 660 4009 et
681 3952 855 4011 nostrorum
877 3948 1048 4012 amicorum
1069 3946 1221 4011 memoria
1243 3946 1276 4011 in
1297 3948 1423 4031 privato
1446 3954 1617 4031 peragatur
1637 3954 1670 4012 et
1689 3957 1801 4029 quater

495 4036 529 4097 io
556 4054 640 4099 anno
667 4032 743 4099 fient
768 4036 930 4119 pitancie⁸
956 4034 1101 4099 omnibus
1133 4035 1166 4098 in
1200 4043 1364 4101 conventu.
1412 4036 1461 4100 Nc
1487 4044 1593 4101 autem
1620 4036 1799 4103 huiusmodi

496 4123 697 4189 observantie
716 4144 736 4189 a
755 4124 907 4191 memoria
924 4124 1082 4189 bominum
1098 4123 1289 4206 dilabantur,
1311 4126 1344 4189 in
1356 4125 1543 4190 kalendario
1554 4126 1800 4209 pronunciantur·

497 4219 528 4279 et
555 4233 611 4280 suo
636 4221 777 4299 tempore
804 4213 1049 4279 conscribantur.
1098 4214 1164 4279 Sub
1191 4213 1445 4281 interminatione
1470 4233 1545 4278 vero
1567 4214 1800 4280 maledictionis

496 4310 603 4369 eterne
636 4312 702 4369 tam
735 4310 898 4388 presentes
928 4303 1041 4367 fratres
1072 4322 1166 4386 quam
1192 4304 1312 4369 futuros
1340 4304 1518 4385 obligamus
1546 4310 1578 4367 et
1605 4302 1799 4368 coniurando

496 4392 736 4475 adstringimus,
763 4392 973 4474 cuiuscunque
995 4398 1095 4458 status
1119 4392 1250 4475 fuerint,
1276 4413 1316 4459 ne
1333 4394 1492 4478 predictos
1510 4411 1637 4457 mansos
1658 4391 1800 4457 vendant

497 4490 553 4547 aut
581 4482 785 4566 inpignorent
816 4487 871 4547 ant
904 4487 1081 4567 permutent
1113 4501 1169 4549 sea
1195 4483 1306 4567 quovis
1337 4482 1430 4548 modo
1457 4482 1605 4545 alienent.
1653 4480 1746 4563 Quod
1771 4481 1800 4549 si
