4459 5167
841 314 888 370 Νι.
909 315 967 369 114.
988 317 1046 369 115.
1064 330 1090 371 a.
1110 314 1186 369 test.
1207 314 1282 369 laus.
1665 310 1718 367 299

517 466 553 546 ¹12
573 464 725 546 Haeserat
745 463 929 528 Rolrrsbeim
948 464 1018 527 rand
1039 463 1107 527 einc
1126 462 1216 544 Hofe
1237 462 1283 526 bei
1308 460 1513 539 Vocltcnstedt,
1534 459 1643 525 wude
1663 460 1719 525 der

515 562 654 643 Knemis
672 560 810 626 Kourod
835 562 880 625 im
902 560 987 625 Titui
1005 582 1047 627 su
1069 560 1287 625 Smrwnebeclr
1306 580 1408 639 coepero
1433 560 1518 623 ecee
1541 559 1599 623 ms
1617 558 1720 623 sem

517 660 750 742 Frentadsclrult
767 680 811 723 ort
832 659 901 723 dern
921 658 1024 723 Riuer
1043 656 1186 723 Dietricb
1212 677 1271 722 oon
1292 658 1356 721 Ler·
1374 657 1569 739 bwcnymers
1590 656 1720 721 Mordes

513 778 573 823 eur
591 756 733 839 &istane
751 756 835 821 ciues
854 756 967 821 Altera
987 758 1031 820 im
1051 756 1088 820 K
1092 754 1200 820 iontem
1228 755 1379 821 Waterler
1399 755 1548 819 oaummt
1566 754 1659 819 butte.

493 911 530 974 lu
550 908 677 974 nomine
697 908 817 974 domini
838 927 942 973 amen.
983 908 1062 973 Cum
1089 907 1131 972 ad
1158 906 1409 993 perpetuandam
1436 914 1720 989 rerumgestarum

409 998 609 1073 memoriam,
636 1016 676 1063 ne
698 1017 791 1062 cursu
811 1002 987 1080 temporum
1008 998 1042 1063 in
1061 996 1255 1062 oblivionem
1277 996 1460 1073 decurrant,
1489 1015 1528 1062 ac
1548 996 1608 1063 rite
1628 1002 1721 1079 gesta

410 1086 600 1153 inconvulsa
618 1093 841 1169 permaneant,
869 1104 943 1151 usus
963 1104 1003 1151 ea
1024 1085 1244 1151 conscribendi
1265 1086 1385 1150 utiliter
1411 1086 1453 1150 sit
1479 1092 1635 1169 repertus,
1663 1102 1721 1151 nos

412 1177 512 1259 igitur
522 1175 671 1241 Hiuricns
692 1194 796 1240 comes
810 1173 1041 1257 deltegcnsten
1060 1174 1314 1257 recognoscimus
1336 1173 1463 1259 publice
1482 1194 1539 1258 per
1548 1180 1720 1259 presentes,

411 1264 499 1347 quod
518 1281 590 1329 curn
607 1263 756 1330 honestus
771 1262 1276 1344 famulusConraduslmmedale,
1297 1262 1446 1329 babitans
1467 1263 1500 1327 in
1511 1261 1721 1345 vaauebslru

412 1352 696 1420 Halberstadeusis
720 1353 874 1433 diocesis,
900 1353 934 1419 in
961 1353 1120 1419 salubrem
1146 1352 1315 1418 occisionis
1346 1352 1504 1434 quondam
1532 1352 1565 1417 in
1587 1370 1722 1437 persona

410 1442 577 1508 'Pbiderici
596 1442 638 1508 de
658 1443 738 1509 Lare
755 1443 866 1507 militis
887 1462 945 1526 per
965 1442 1070 1525 ipsum
1090 1448 1123 1507 et
1143 1440 1298 1523 quosdam
1318 1442 1386 1507 suis
1406 1442 1447 1508 de
1467 1442 1581 1509 amicis
1601 1449 1633 1509 et
1649 1460 1721 1509 con-

294 1596 301 1606 ,
411 1532 599 1615 sanguineis
618 1530 700 1597 alias
719 1530 781 1597 beu
801 1530 1025 1597 miserabiliter
1045 1536 1227 1614 perpetrate
1248 1549 1304 1596 suc
1330 1532 1529 1598 contritionis
1554 1531 1721 1597 emendam
1848 1562 1855 1575 ·

412 1641 471 1705 pro
500 1640 536 1685 se
562 1626 595 1685 et
619 1619 793 1703 predictis
815 1619 944 1698 amicis,
967 1619 1034 1685 suis
1055 1619 1308 1699 coadiutoribus,
1333 1619 1375 1683 ad
1397 1620 1513 1701 altare,
1540 1620 1624 1704 quod
1645 1621 1722 1685 iam·

413 1710 519 1776 dietus
535 1710 636 1789 miles,
657 1710 731 1775 dum
742 1708 847 1775 adhuc
859 1712 991 1791 viveret,
1011 1728 1142 1794 corpore
1162 1716 1194 1775 et
1209 1716 1314 1777 mente
1328 1711 1545 1793 sanusvoluit,
1557 1710 1723 1777 mandavit

413 1805 446 1865 et
468 1799 580 1864 statuit
599 1796 751 1879 edificari,
770 1798 896 1863 fundari
917 1798 951 1863 in
971 1798 1162 1863 monasterio
1187 1798 1475 1864 sanctimonialium
1496 1798 1528 1863 in
1550 1800 1628 1865 villa
1648 1800 1722 1867 Wa-

414 1888 541 1969 terlcre,
562 1886 685 1973 prefate
705 1886 855 1969 diocesis,
884 1887 925 1952 ud
945 1886 1030 1969 quod
1050 1887 1222 1952 discretum
1244 1888 1345 1953 vimm
1367 1887 1529 1954 dominnm
1548 1888 1722 1955 Iohannem

413 1978 534 2042 dictum
556 1976 595 2041 de
618 1976 698 2042 Lero
718 1976 927 2061 presbiterum
947 1984 1100 2041 rectorem
1122 1984 1308 2061 perpetuum
1328 1976 1505 2061 deputavit,
1526 1978 1723 2059 assignasset

413 2072 446 2131 et
465 2064 607 2131 dedisset
624 2084 720 2130 uuum
742 2065 908 2131 dimidium
928 2085 1073 2131 mansum
1093 2066 1125 2130 in
1147 2066 1271 2149 campis
1290 2064 1366 2130 ville
1383 2066 1522 2147 Rorsem,
1541 2066 1721 2149 quindecim

414 2160 447 2220 et
464 2152 631 2218 dimidium
648 2155 768 2237 iugera,
791 2160 823 2218 et
836 2174 931 2219 unum
944 2172 1087 2219 mansum
1099 2153 1215 2236 viginti
1229 2160 1262 2218 et
1277 2174 1390 2219 novem
1404 2155 1516 2237 iugera
1526 2156 1723 2221 continentes

413 2244 447 2307 in
469 2243 592 2326 campis
612 2242 931 2309 villeWockenstcde
952 2245 1039 2323 sitos,
1061 2244 1216 2324 nobisque
1234 2243 1336 2308 dictos
1350 2262 1492 2308 mausum
1504 2251 1536 2311 et
1547 2244 1723 2327 dimidium,

413 2352 494 2416 quos
513 2350 535 2395 a
554 2333 647 2398 nobis
667 2331 785 2396 diutius
806 2333 839 2397 iu
859 2332 986 2417 pheodo
1007 2339 1165 2413 tenuerat,
1195 2332 1235 2397 ob
1264 2332 1322 2397 boc
1348 2333 1493 2399 effective
1519 2334 1722 2417 resignasset,

414 2439 472 2486 nos
500 2420 679 2486 huiusmodi
703 2440 847 2486 mansum
878 2427 911 2486 et
936 2421 1103 2486 dimidium
1129 2428 1273 2487 tenentes
1300 2421 1332 2487 in
1360 2422 1475 2488 nostris
1504 2424 1650 2488 manibus
1677 2424 1723 2489 sic

414 2511 609 2591 resignatos,
640 2511 767 2595 penitus
793 2510 941 2576 dimissos
969 2510 1159 2577 donavimus
1191 2519 1222 2577 et
1250 2512 1405 2577 donamus
1430 2518 1463 2577 ct
1489 2512 1522 2578 in
1549 2512 1722 2579 remedium

415 2600 546 2665 nostrel
583 2600 820 2684 progenitorum
855 2608 1030 2666 nostrorum
1069 2602 1248 2667 animarum
1283 2600 1430 2667 dedimus
1469 2607 1564 2684 atque
1610 2602 1723 2667 damus

414 2690 529 2754 intuitu
549 2687 627 2753 dicti
645 2689 756 2754 altaris
777 2689 840 2773 ipsi
860 2688 1010 2771 Iohanni,
1035 2695 1188 2772 unquam
1210 2689 1279 2753 eius
1300 2689 1429 2771 rectori,
1454 2690 1584 2771 suisque
1603 2690 1723 2756 ibidem

413 2778 648 2844 successoribus
674 2797 744 2842 cum
769 2778 977 2861 proprietate,
1004 2778 1127 2843 iuribus
1148 2786 1181 2844 et
1202 2778 1404 2863 pertiuentiis
1428 2779 1569 2862 ipsorum
1595 2779 1723 2863 quibus-

415 2870 552 2949 cunque',
583 2866 624 2931 ab
651 2864 833 2947 advocatie,
864 2868 1063 2931 exactionum
1090 2866 1302 2949 quarumlibet
1334 2866 1466 2931 aliarum
1496 2868 1725 2952 prestationum

413 2956 564 3021 oneribus
584 2957 701 3021 liberos
721 2956 861 3020 totaliter
881 2962 913 3020 et
934 2954 1052 3021 solutos
1068 2975 1126 3039 per
1145 2958 1248 3039 ipsum
1270 2961 1422 3021 rectorem
1444 2962 1476 3020 et
1496 2976 1553 3038 per
1572 2976 1645 3021 suos
1665 2976 1724 3040 pro

414 3054 556 3129 tempore
576 3062 773 3110 successores
794 3045 965 3109 existentes
987 3044 1020 3108 in
1046 3052 1232 3127 perpetuum
1255 3045 1361 3127 quiete
1387 3053 1419 3109 et
1444 3046 1590 3129 pacifice,
1617 3054 1650 3109 ut
1676 3064 1724 3111 sc-

414 3134 535 3217 quitur,
562 3131 780 3216 possidendos.
811 3131 854 3195 Et
873 3134 955 3197 sieut
975 3152 1034 3197 nos
1053 3144 1086 3198 et
1105 3133 1324 3216 progenitores
1345 3134 1442 3198 nostri
1464 3135 1552 3216 ipsos
1573 3142 1724 3217 unquam

414 3222 560 3308 proprios
572 3228 755 3305 atempore,
768 3222 856 3286 cuius
870 3222 902 3285 in
921 3224 1112 3287 eontrarium
1126 3223 1277 3287 memoria
1294 3242 1357 3287 non
1376 3224 1493 3306 existit,
1513 3224 1724 3308 possedimus,

413 3319 521 3377 nostro
543 3330 666 3376 necnon
686 3311 826 3376 omnium
853 3316 887 3376 et
912 3311 1107 3393 singulorum
1129 3312 1279 3377 heredum
1306 3320 1480 3378 nostrorum
1508 3332 1563 3379 seu
1590 3332 1723 3395 quorun-

413 3419 538 3483 cunque
563 3400 697 3466 aliorum
723 3418 854 3482 quorum
880 3402 997 3485 poterit
1024 3401 1178 3467 interesse
1209 3402 1336 3466 nomine
1368 3401 1400 3467 in
1428 3402 1532 3486 ipsum
1561 3401 1724 3467 dominum

415 3490 589 3554 Iohannem
609 3509 667 3556 suo
687 3497 720 3555 et
739 3508 954 3555 successorum
974 3509 1100 3554 suorum
1121 3492 1248 3555 nomine
1274 3491 1480 3576 recipientem
1508 3492 1725 3558 transferimus

415 3598 473 3663 per
493 3585 665 3663 presentes.
706 3578 921 3644 Promittimus
948 3580 1045 3644 etiam
1070 3578 1166 3645 dictis
1194 3580 1368 3646 rectoribus
1393 3582 1505 3647 altaris
1525 3580 1723 3646 warandiam

414 3688 472 3733 nos
491 3669 630 3733 facturos
652 3667 807 3733 dictorum
827 3687 1007 3733 mansorum
1028 3669 1243 3752 proprietatis,
1264 3670 1377 3734 inrium
1400 3678 1432 3735 et
1453 3671 1723 3752 pertinentiorum,

414 3767 446 3823 et
469 3758 510 3822 de
531 3759 579 3822 cis
598 3758 788 3821 coniunctim
810 3757 862 3824 vel
883 3758 1012 3823 divisim
1034 3760 1206 3823 secundum
1233 3759 1282 3824 ins
1308 3767 1340 3824 et
1362 3766 1443 3823 terre
1464 3759 1723 3824 consuetudinem

413 3847 633 3930 approbatam.
675 3846 779 3927 Etsi,
800 3846 884 3929 quod
905 3848 1003 3920 absit,
1025 3866 1079 3912 eos
1100 3866 1122 3911 a
1142 3866 1299 3930 quoquam
1321 3848 1499 3930 superbiis
1519 3848 1630 3932 impeti
1652 3867 1723 3913 con-

414 3934 538 4016 tigerit,
569 3935 828 4000 conservabimus
858 3936 945 4019 ipsos
976 3934 1164 4019 indempnes
1188 3943 1220 4000 et
1250 3936 1291 4001 ab
1326 3937 1529 4020 impeticione
1559 3937 1607 4002 eis
1637 3937 1724 4002 sacta

413 4024 566 4089 faciemus
594 4023 711 4088 liberos
740 4030 772 4089 et
800 4025 928 4089 solutos.
970 4025 1198 4091 Censtituimus
1221 4027 1317 4090 etiam
1343 4026 1506 4091 nobiscum
1532 4026 1723 4091 coniunctim

413 4114 464 4177 vel
485 4112 615 4177 divisim
636 4111 784 4177 dilectum
806 4113 898 4177 nobis
910 4112 1009 4177 lilium
1030 4121 1171 4180 nostrum
1182 4114 1354 4194 llimicum,
1378 4114 1573 4199 prepositum
1589 4115 1724 4180 ecclesie

414 4201 517 4265 sancti
541 4199 634 4264 Pauli
666 4200 699 4263 in
727 4201 934 4283 Halberstad,
966 4201 1007 4265 ad
1037 4202 1219 4267 laciendum
1239 4202 1432 4285 ereptionem
1461 4208 1494 4266 ct
1525 4203 1723 4268 vvarsndiam

413 4287 575 4371 predictas
593 4288 776 4372 specialiter
796 4290 980 4373 obligatum.
1021 4292 1062 4355 llt
1083 4311 1141 4356 uos
1160 4290 1308 4356 Hinricus
1335 4292 1388 4356 dei
1410 4292 1515 4373 gratia
1543 4290 1627 4356 idern
1655 4310 1724 4376 pre-

413 4379 535 4462 positus
557 4380 826 4462 recognoscimus,
854 4400 912 4445 nos
940 4380 1103 4463 premissis
1131 4379 1277 4445 omnibus
1305 4386 1338 4445 et
1364 4378 1500 4461 singulis
1525 4381 1723 4444 consensisse

412 4485 452 4533 ac
472 4474 627 4549 sagrata
647 4474 679 4532 et
701 4473 772 4534 rata
792 4468 989 4552 habiturum,
1016 4468 1230 4555 promittimus
1255 4469 1357 4536 dictos
1378 4474 1516 4535 rectores
1536 4466 1724 4535 warardarc
