4459 5167
350 1219 457 1306 1253.
486 1222 735 1305 liecember.
1617 1224 1651 1305 l.

445 1358 516 1423 Der
540 1358 641 1423 Rr'ttcr
661 1356 801 1423 Dictrirb
830 1380 888 1423 cort
908 1360 1084 1423 Hossercdc
1111 1360 1236 1423 acltcnlct
1262 1360 1323 1423 dou
1349 1358 1547 1439 Aatpustirtcr
1573 1358 1652 1421 Eia-

444 1456 695 1521 sicdlerbriidero
716 1456 775 1520 den
801 1457 958 1520 rrrtnorcbr
978 1456 1217 1537 Hirrurrelpjortc
1233 1461 1412 1537 perranum»
1438 1455 1494 1519 Ort
1516 1458 1573 1536 fiir
1592 1456 1653 1519 den

445 1556 585 1635 Atslbaat
614 1554 697 1617 r'brcs·
725 1574 785 1618 cur
811 1554 878 1618 Zeit
907 1554 1043 1635 Biaebof
1064 1554 1246 1618 Friedricbs
1279 1574 1335 1617 nou
1369 1552 1571 1617 llotoersrout
1604 1552 1653 1615 ulo·

446 1652 639 1716 Eiresiedelci
657 1652 862 1733 bepriirtdctea
882 1652 1034 1717 Kloatcrs.

428 1770 462 1832 ln
506 1768 632 1832 nomine
657 1774 767 1833 sancte
800 1768 960 1833 trinitatis.
974 1766 988 1849 11
1027 1766 1183 1833 Omnibus
1219 1772 1395 1851 presentem
1428 1766 1578 1849 paginam
1607 1764 1653 1827 in-

351 1858 501 1939 spectoris
537 1855 751 1922 Theodericus
791 1858 883 1922 miles
916 1856 957 1921 de
991 1856 1197 1921 llartesrothe
1231 1855 1365 1920 salutem
1402 1856 1435 1919 in
1472 1855 1534 1921 lilio
1570 1854 1653 1920 dei¹.

352 1947 504 2023 Quoniam
532 1966 593 2027 que
620 1947 651 2009 in
680 1952 820 2030 tempore
847 1953 1010 2029 geruntur,
1038 1946 1108 2031 ipso
1129 1946 1256 2011 labente
1277 1944 1459 2010 dilabuntur
1484 1950 1516 2009 et
1541 1944 1574 2010 in
1599 1944 1653 2008 ob-

351 2037 497 2100 livionem
520 2036 679 2101 hominum
691 2034 793 2101 solent
808 2055 902 2119 quam
917 2037 1025 2120 sepius
1044 2033 1213 2116 declinare,
1235 2034 1448 2099 necessarium
1459 2033 1587 2116 quidem
1606 2038 1654 2097 ost

352 2146 395 2203 ea,
414 2144 475 2208 que
495 2132 569 2190 rata
590 2144 773 2209 permanere
795 2126 938 2190 volumus
962 2146 1001 2191 ac
1024 2124 1123 2205 lirma,
1144 2125 1369 2207 seripturarum
1385 2122 1502 2187 debent
1511 2124 1545 2202 (l)
1568 2122 1654 2187 testi-

353 2216 461 2279 moniis
483 2212 707 2279 commendari.
754 2214 870 2279 Notum
897 2214 1015 2295 igitur2
1045 2214 1087 2277 sit
1119 2212 1292 2290 universis,
1319 2220 1383 2275 tam
1408 2218 1534 2295 pestere
1559 2230 1653 2293 quam

354 2302 486 2382 presenti
512 2301 649 2382 nationi,
678 2302 762 2384 quod
789 2304 872 2384 ego3
898 2302 939 2367 de
966 2302 1166 2387 beneplacito
1192 2301 1386 2366 venerabilis
1412 2303 1513 2386 patris
1534 2300 1652 2366 domini

354 2390 628 2457 halberstadensis
641 2392 785 2475 episcopi
801 2412 923 2457 necnon
940 2397 972 2455 et
987 2391 1027 2457 de
1040 2410 1194 2455 consensu
1215 2409 1381 2473 puerorum
1395 2410 1544 2471 meorum,
1562 2410 1654 2471 qrrenr

353 2480 410 2562 ipsi
424 2486 574 2545 eteorum
588 2481 756 2563 posteritas
767 2486 870 2546 ratum
885 2482 1036 2547 tenebunt
1048 2500 1086 2546 ae
1103 2480 1236 2559 firmum,
1257 2478 1376 2543 contuli
1393 2479 1434 2544 ob
1447 2478 1656 2544 reverentiam

354 2568 557 2651 redemptoris
582 2571 679 2633 nostri
705 2569 799 2635 lbesu
821 2569 939 2635 Christi
967 2568 1228 2650 sanctissimeque
1254 2566 1420 2649 genitricis
1451 2569 1540 2634 eius4
1567 2574 1600 2633 et
1622 2568 1656 2631 in

353 2657 521 2722 remedium
544 2658 648 2723 anime
671 2678 739 2725 mee
761 2678 798 2724 ac
810 2666 974 2743 parentum
986 2676 1125 2725 meorum
1136 2657 1285 2723 fratribus
1306 2656 1469 2723 heremitis
1486 2656 1528 2722 de
1546 2657 1657 2739 regula

354 2747 434 2813 beati
454 2747 628 2830 Augustini
649 2749 752 2814 locum
774 2750 807 2812 in
828 2748 1098 2831 Elberingerothe,
1119 2748 1172 2830 qui
1194 2765 1278 2811 nunc
1299 2744 1368 2811 Geli
1381 2746 1476 2810 Porta
1496 2764 1656 2829 nuncupa-

354 2840 411 2917 tur,
435 2836 477 2900 ad
508 2836 751 2902 construendam
771 2837 1007 2903 heremitorium
1034 2835 1205 2903 seeundum
1232 2854 1338 2901 corum
1366 2834 1488 2900 ordinis
1513 2834 1657 2899 instituta

355 2944 418 2989 eum
438 2926 528 3008 agris
550 2926 643 2991 cultis
663 2933 695 2991 et
716 2925 859 3007 incultis,
880 2928 1023 3010 pascuis,
1043 2925 1154 3009 lignis,
1172 2925 1266 2995 rivis,
1287 2924 1447 2989 montibus
1466 2930 1498 2987 et
1521 2923 1658 2987 vallibus

354 3014 572 3081 adiacentibus
593 3016 660 3081 iure
682 3024 834 3099 perpetuo
855 3016 954 3081 libere
977 3014 1212 3101 possidendum.
1254 3013 1396 3078 Termini
1412 3019 1518 3077 autem
1543 3012 1657 3095 prelati

355 3102 410 3168 loci
431 3102 645 3170 extenduntur
666 3106 697 3169 in
718 3106 800 3171 hune
818 3106 957 3171 modum:
985 3126 1004 3169 a
1032 3104 1193 3189 speluncis
1220 3103 1357 3187 desuper
1377 3102 1471 3167 fossis
1498 3120 1556 3183 per
1572 3102 1657 3165 riam

355 3212 410 3273 que
437 3194 767 3277 Marcolvingerothe⁵
792 3196 881 3261 ducit
914 3202 1001 3262 trans
1032 3214 1157 3260 amnem
1183 3194 1237 3276 qui
1263 3194 1380 3257 dicitur
1409 3188 1580 3255 Ysenbeke
1607 3208 1657 3253 ns-

357 3301 411 3363 que
431 3284 472 3347 ad
494 3282 581 3348 viam
602 3284 798 3367 gramineam
820 3306 919 3370 prope
945 3284 1054 3366 sitam;
1084 3282 1202 3349 deinde
1227 3302 1302 3347 vero
1323 3300 1381 3366 per
1400 3279 1586 3344 descensum
1606 3296 1656 3342 us·

356 3388 411 3449 que
432 3370 475 3435 ad
497 3372 709 3437 summitatem
731 3374 782 3439 vie
804 3393 864 3457 que
885 3372 973 3437 ducit
994 3373 1035 3437 ad
1056 3391 1163 3454 casas;
1189 3371 1307 3437 abhinc
1329 3388 1386 3453 per
1406 3368 1594 3433 descensum
1614 3366 1657 3432 ad

356 3459 507 3542 paludem,
528 3480 590 3543 que
612 3468 661 3527 cst
681 3462 768 3545 apud
783 3462 1005 3529 Baokenbleke
1028 3468 1060 3529 et
1079 3481 1180 3544 usque
1201 3460 1244 3525 ad
1263 3478 1372 3524 nemus
1393 3459 1477 3540 qnod
1498 3457 1657 3539 quondam

356 3550 492 3629 possedit
525 3549 723 3617 Hermannus
753 3553 845 3618 miles
870 3553 979 3618 dietus
1012 3552 1052 3617 de
1078 3552 1190 3616 Mirica
1218 3557 1249 3616 et
1283 3568 1340 3634 per
1368 3556 1581 3613 transversum
1615 3544 1658 3609 ad

358 3637 494 3704 arborem
515 3641 646 3717 malum,
673 3661 734 3724 que
754 3643 904 3709 terminos
924 3642 1042 3707 dividit
1063 3642 1195 3724 ibidem,
1222 3640 1263 3705 ab
1289 3639 1402 3705 eadem
1423 3656 1516 3723 porro
1547 3636 1660 3700 arbore

357 3726 394 3789 ad
414 3734 550 3795 montem
566 3728 842 3815 Hadebcrgeberg,
866 3732 940 3797 inde
963 3750 1020 3815 per
1040 3750 1205 3797 ascensum
1226 3729 1267 3794 ad
1281 3729 1449 3813 speluncas
1470 3724 1657 3803 antedictas,

358 3814 411 3880 hoe
431 3818 556 3899 addito,
583 3817 668 3901 quod
689 3820 716 3885 si
737 3819 815 3885 dieti
836 3821 948 3885 iratres
970 3838 1027 3903 per
1051 3818 1185 3884 liberum
1211 3818 1376 3883 arbitrium
1406 3816 1592 3881 recesserint
1618 3812 1658 3877 de

360 3902 433 3986 loeo,
455 3906 514 3971 heo
534 3907 664 3973 donatio
685 3909 728 3974 ad
749 3930 799 3975 me
819 3929 874 3976 seu
895 3929 982 3975 meos
1002 3909 1135 3974 heredes
1156 3914 1345 3986 revertetur,
1365 3905 1428 3970 nisi
1449 3905 1490 3970 de
1511 3902 1658 3987 prudenti

361 3995 484 4060 oonsilio
510 4002 542 4061 et
570 4017 642 4063 mea
671 4000 833 4064 voluntate
858 3999 961 4065 locum
988 3998 1020 4062 in
1056 3998 1218 4062 meliorem
1245 4004 1277 4061 et
1303 3994 1461 4059 utiliorem
1489 3997 1659 4057 mmmuta-

361 4085 469 4165 verint;
491 4092 564 4152 tunc
585 4085 710 4171 prefata
732 4088 816 4151 bona
835 4088 915 4172 ipsis
936 4086 1135 4169 integraliter
1149 4084 1363 4150 remanebant.
1406 4084 1442 4147 In
1465 4079 1659 4147 secularibus

362 4190 428 4238 vero
448 4173 577 4240 iudiciis
597 4177 630 4239 in
652 4175 767 4256 ouibus
788 4176 954 4259 sanguinis
975 4174 1072 4240 l'ertur
1095 4174 1263 4253 sententia,
1288 4170 1372 4236 unde
1393 4170 1489 4235 dietis
1509 4169 1660 4234 iratribus

364 4264 527 4341 periculum
548 4264 677 4347 aliquod
700 4264 776 4329 oriri
797 4271 913 4348 posset,
934 4266 1054 4346 absque
1066 4262 1134 4327 iure
1154 4261 1321 4327 advocatie
1343 4259 1483 4345 ipsorum
1504 4280 1557 4325 ero
1578 4266 1661 4323 tutor

363 4352 409 4415 vel
434 4353 514 4418 alius
543 4374 582 4418 cx
616 4358 705 4436 parte
733 4354 796 4418 mei
820 4364 925 4437 preter
952 4372 1043 4417 omne
1069 4351 1241 4435 dampnum
1272 4368 1378 4415 eorum
1413 4357 1444 4414 ct
1477 4368 1659 4432 gravamen.

364 4438 506 4507 inchoata
541 4450 614 4508 sunt
646 4444 704 4508 hec
734 4442 928 4526 temporibus
965 4441 1159 4506 venerabilis
1193 4439 1312 4503 domini
1338 4437 1498 4502 Frederici
1527 4437 1659 4501 Halber-

364 4530 512 4601 stadensis
538 4533 698 4631 episcopi,
724 4532 922 4617 postmodum
952 4550 1027 4597 vero
1058 4529 1178 4602 douriui
1206 4526 1328 4598 landolfi
1358 4526 1501 4596 eiusdem
1526 4525 1660 4591 ecclesie
