4459 5167
792 339 839 400 Νι.
859 341 917 399 llo.
939 342 996 399 147.
1015 359 1040 400 a.
1060 339 1250 398 llos-lece
1619 336 1672 394 319

360 513 462 562 annea
490 492 586 561 heren
612 491 735 578 goddes
759 493 822 559 don
848 491 1028 576 tbogbeden
1053 491 1108 557 tho
1127 490 1274 572 llllslere,
1302 488 1387 556 unde
1409 507 1460 556 ue
1484 488 1567 554 noch
1593 507 1672 554 unse

361 587 483 650 erveu¹
509 585 593 650 unde
621 583 661 647 de
688 601 731 647 na
756 601 814 647 uus
835 581 949 646 laomen
970 581 1105 664 mogben
1132 579 1315 645 enschulleu
1343 578 1425 645 noch
1445 579 1593 644 enulllen
1613 577 1674 642 dar

360 692 449 758 ueyn
469 672 646 738 rechimer
665 691 726 737 ane
750 671 882 736 hebben.
927 671 1018 736 Unde
1038 687 1087 734 we
1108 675 1209 734 setteu
1231 668 1280 734 dit
1299 675 1438 750 genante
1459 685 1538 732 uuse
1558 667 1674 732 closter

360 762 541 828 Waterlere
569 762 602 826 in
630 761 671 827 de
697 779 781 826 were
807 760 864 826 des
891 765 1051 842 genanten
1077 757 1234 840 tcghedcn
1261 765 1295 823 to
1320 757 1454 822 llrlslere
1478 756 1553 839 myd
1578 756 1673 820 allum

361 852 474 918 recbte
495 851 528 914 in
543 849 647 932 uelde,
669 851 701 916 in
722 849 821 934 dcrpe
841 853 925 914 unde
944 846 1234 936 vlcyschtegbeden
1255 845 1400 912 ewellren
1419 847 1475 911 tlro
1496 844 1674 911 besittendc

360 961 404 1006 an
425 939 677 1023 jenegberlcyge
697 937 871 1024 anspralre3
896 937 979 1002 unde
1004 957 1054 1002 wc
1080 935 1162 1000 noch
1191 955 1268 1001 unse
1293 954 1389 1000 erven
1416 935 1500 1000 unde
1525 935 1674 1000 nalromc-

361 1029 456 1112 linge
478 1030 558 1094 noch
580 1034 686 1094 namet
705 1046 767 1092 von
795 1047 889 1093 unser
916 1026 1000 1093 unde
1025 1044 1122 1092 unser
1147 1044 1242 1092 erveu
1263 1025 1398 1108 wegbcn
1424 1023 1566 1090 schullen
1592 1023 1674 1090 noch

363 1116 516 1182 enwillon
550 1115 597 1182 dit
622 1123 759 1198 genante
785 1117 917 1182 clostere
941 1116 1048 1182 nicbte
1078 1114 1212 1180 hindam
1242 1133 1283 1180 au
1312 1116 1430 1181 diesem
1457 1121 1675 1198 vorgeuantcn

364 1203 528 1289 tegbedeu
557 1211 589 1270 tc
615 1204 756 1272 Hllslerc.
805 1204 917 1270 Disses
943 1203 996 1268 tho
1022 1223 1121 1289 eyuer
1146 1204 1330 1287 openbaren
1351 1203 1559 1270 behantnisse
1592 1203 1676 1269 unde

363 1295 530 1360 thebnisse
550 1293 654 1360 hobbe
675 1315 724 1361 we
743 1301 937 1376 vorgenante
962 1313 1059 1377 grove
1081 1293 1165 1358 Cord
1194 1293 1278 1358 unde
1305 1312 1403 1376 greve
1421 1292 1551 1366 Hinrik.
1579 1293 1676 1359 beron

364 1382 678 1466 tboWernigerode‚
699 1401 776 1450 unse
794 1382 1009 1466 yngbescgelc
1028 1381 1184 1467 wytlilren
1205 1401 1246 1446 an
1269 1381 1377 1447 disson
1399 1382 1481 1448 breti
1497 1382 1678 1467 gbehenget

364 1473 455 1539 laten
477 1491 534 1536 vor
560 1492 619 1537 uns
646 1471 729 1538 unde
750 1493 807 1538 vor
832 1491 910 1537 unse
936 1491 1032 1539 erren
1061 1471 1146 1538 unde
1166 1471 1208 1537 de
1233 1490 1276 1537 ua
1300 1491 1360 1537 uns
1387 1471 1502 1537 komen
1529 1474 1675 1556 mogben.

365 1562 464 1628 Unde
485 1562 536 1626 hir
556 1581 632 1627 over
652 1581 711 1646 syn
728 1561 898 1644 gbewesen
913 1560 968 1626 tbo
987 1561 1097 1644 tdghe:
1119 1561 1159 1628 de
1179 1559 1293 1627 eddela
1309 1581 1388 1627 unse
1403 1561 1678 1629 broderdlbrecbt

364 1673 431 1719 ron
465 1651 706 1734 Wernigerode,
737 1651 941 1735 domprovest
979 1651 1034 1718 tho
1067 1650 1265 1731 Hdbcrstat,
1297 1650 1382 1717 unde
1411 1649 1468 1718 ber
1497 1651 1582 1717 cord
1614 1672 1677 1718 von

365 1741 532 1824 Tytlixen,
553 1740 656 1805 delen
678 1741 732 1806 tbo
754 1739 991 1822 Wemigerode‚
1012 1739 1097 1806 unde
1115 1741 1187 1805 vele
1208 1759 1275 1806 mer
1293 1741 1393 1805 ander
1413 1759 1541 1806 rromcn
1563 1741 1645 1808 lude.

453 1831 546 1896 Unde
566 1831 596 1895 is
614 1829 797 1914 gbescboyn
822 1849 865 1895 na
885 1829 1007 1912 goddes
1028 1829 1104 1895 bord
1126 1829 1418 1914 vcrtbeynhundert
1439 1830 1494 1912 jar
1518 1830 1620 1896 dama
1644 1831 1677 1896 in

366 1920 444 1986 dem
467 1927 572 1986 cesten
594 1919 669 2001 jare,
690 1920 747 1984 des
771 1919 911 1984 anderen
933 1919 1032 2002 dages
1052 1925 1200 1984 nasunte
1212 1917 1350 1984 blerteus
1366 1918 1450 2001 dage
1471 1919 1528 1986 des
1547 1919 1677 2002 bilghen

368 2011 389 2076 b
414 2009 509 2076 sscbo
574 2027 598 2074 a.

369 2031 413 2250 Ny
445 2027 684 2250 ξοησῖἑξιόἷνωι.
712 2125 761 2180 mit
784 2129 891 2195 psalm
914 2123 1109 2196 Wochaaa'epeln
1137 2124 1169 2179 ia
1191 2125 1281 2196 pellaea
1303 2123 1459 2192 muman,
1486 2139 1507 2179 a.
1529 2123 1588 2194 lul.
1612 2123 1679 2194 VII,

401 2213 425 2257 Γ.
497 2214 517 2250 u
611 2237 617 2250 .

444 2281 1679 2350 »Dorvmcmnurburmdauandmacumkacucombmcamctca

370 2353 575 2480 gemmfssqrw
592 2353 925 2408 wccbscltdumr'tobda'c
942 2353 1429 2424 Sclneidorspsruemdobcrimncr
1451 2369 1532 2408 erran
1554 2370 1590 2408 cs
1610 2353 1679 2408 laea

373 2618 495 2701 1408.
523 2616 693 2699 Jarruar
711 2615 769 2698 11.
795 2611 1090 2697 llolberstodt.
1594 2614 1680 2698 147.

477 2751 831 2817 Notariateiusirument
856 2750 930 2814 libor
959 2749 1010 2813 dic
1029 2769 1088 2814 coa
1111 2749 1172 2813 ders
1192 2745 1400 2814 Domvicaren
1419 2768 1461 2813 au
1479 2749 1682 2815 Holbcrstodt

476 2853 545 2916 dem
564 2849 695 2915 Khrstcr
722 2849 875 2914 Woierlcr
902 2851 1084 2933 iiboryebonc
1114 2852 1267 2933 Quidunp
1293 2873 1361 2916 vom
1388 2858 1416 2918 6.
1439 2852 1570 2918 Jonuor
1593 2857 1682 2917 1408

477 2949 552 3013 cibor
571 2949 622 3012 die
639 2947 825 3029 Bcautcnp
845 2949 901 3012 dor
921 2969 979 3012 voro
993 2949 1087 3013 Horas
1107 2949 1382 3014 conHederslcbcn
1399 2951 1457 3014 mit
1469 2949 1682 3031 Bewc'llipung

477 3047 533 3111 dor
563 3046 688 3126 Grafen
718 3066 777 3110 von
806 3045 1022 3128 Werniperode
1053 3048 1120 3128 auf
1142 3048 1203 3112 den
1232 3047 1370 3112 banton
1400 3068 1460 3114 oon
1486 3047 1606 3112 Bauer
1634 3068 1682 3111 er·

477 3145 600 3224 copta
620 3144 737 3225 sechaip
759 3143 858 3208 Morlc
877 3145 934 3206 mu
953 3144 1184 3226 Einsdroltunp
1204 3146 1260 3210 dcr
1281 3145 1444 3226 Quidum.

478 3261 514 3324 ln
550 3260 677 3325 nomine
710 3258 828 3324 domini
862 3279 971 3342 amen,
1009 3279 1093 3328 anno
1125 3262 1305 3327 nativitatis
1339 3262 1481 3327 eiusdem
1514 3260 1682 3326 millesimo

377 3349 578 3416 00001111οι
599 3349 772 3415 indictione
796 3349 883 3432 XV·‚
910 3349 963 3415 die
984 3350 1152 3416 undecima
1171 3353 1291 3416 mensis
1310 3351 1472 3432 ianuarii,
1501 3351 1580 3415 hora
1597 3370 1682 3415 noua

378 3440 429 3502 vel
451 3437 557 3521 quasi,
584 3436 785 3522 pontificatus
814 3439 1007 3503 sanctissimi
1034 3439 1066 3503 in
1095 3439 1222 3506 Christo
1245 3441 1346 3525 patris
1373 3461 1412 3505 ac
1437 3440 1557 3506 domini
1583 3440 1681 3505 nostri

379 3525 526 3608 Gregorii
547 3525 659 3590 divina
679 3526 885 3610 providencia
905 3547 991 3611 pape
1011 3527 1084 3608 Xll,
1106 3529 1139 3592 in
1157 3529 1219 3593 mei
1240 3530 1355 3593 notarii
1376 3530 1495 3614 publici
1516 3530 1684 3612 presencia

378 3635 417 3681 ac
442 3615 569 3680 testium
596 3615 866 3698 infrascriptarum
893 3615 934 3678 ad
960 3617 1020 3680 hoo
1047 3617 1230 3699 specialiter
1250 3625 1430 3682 vocatorum
1452 3624 1485 3682 et
1505 3624 1683 3699 rogatorum

379 3704 567 3769 constitutus
587 3704 742 3770 discretus
763 3705 813 3769 vir
840 3704 986 3768 dominus
1007 3704 1157 3768 Hinricus
1177 3705 1365 3787 Pattcnzem
1391 3707 1531 3772 vicarius
1551 3707 1684 3772 ecclesie

379 3793 674 3876 Helberstadensis‚
702 3813 741 3858 ex
769 3812 846 3874 una,
876 3793 997 3858 habens
1016 3799 1048 3859 et
1068 3800 1179 3859 teneus
1204 3796 1238 3859 in
1266 3797 1332 3860 suis
1357 3797 1504 3861 manibus
1524 3794 1683 3878 quandam

378 3881 516 3948 litteram
545 3882 705 3964 quitancic
724 3882 757 3948 in
787 3901 980 3965 pergameno
1007 3884 1229 3966 conscriptam,
1257 3888 1391 3966 quatuor
1411 3883 1530 3966 sigillis
1551 3890 1684 3967 quatuor

378 3970 575 4036 dominorum
597 3971 785 4036 vicariorum
812 3973 1058 4057 subscriptorum
1085 3973 1268 4054 sigillatam.
1310 3975 1412 4051 Quam
1442 3976 1580 4039 litteram
1599 3972 1685 4038 idem

378 4059 525 4124 dominus
551 4059 699 4124 llinricus
717 4059 888 4125 Pattenzeu
914 4059 1090 4125 honorabili
1118 4062 1186 4126 viro
1213 4061 1341 4126 dominc
1369 4061 1515 4127 Conrado
1532 4061 1684 4142 Titlixcu,

380 4148 502 4214 decano
530 4148 825 4232 Wemigcrodensi‚
854 4149 924 4215 loco
950 4155 982 4214 et
1010 4149 1080 4214 vice
1106 4153 1245 4214 omnium
1273 4151 1461 4216 vicariorum
1488 4150 1685 4235 presencium

380 4243 412 4304 et
442 4239 616 4302 futurorum
648 4237 691 4303 ad
728 4237 916 4321 quitandum
950 4237 1166 4303 honorabilem
1192 4239 1295 4303 virum
1324 4239 1486 4304 domiuum
1512 4239 1685 4304 Iohannem

379 4326 608 4409 Dornowauen,
628 4329 823 4410 prepositum
847 4328 879 4391 in
891 4326 1074 4407 Waterlere,
1093 4327 1135 4391 de
1156 4327 1325 4409 sexaginta
1345 4329 1460 4393 marcis
1480 4330 1685 4412 presentavit,

381 4423 473 4499 prout
494 4415 527 4479 in
547 4416 604 4480 illa
624 4423 809 4499 presentata
837 4422 868 4481 et
894 4415 1014 4481 tradita
1034 4417 1161 4500 plenius
1181 4418 1367 4484 continetur.
1409 4418 1507 4483 Gaius
1534 4425 1625 4484 tenor
1644 4417 1686 4483 de

381 4505 478 4574 verbo
498 4504 672 4570 adverbum
695 4507 836 4588 sequitur
854 4515 886 4569 et
904 4504 978 4570 talis
999 4513 1063 4570 est:
