4459 5167
872 332 920 389 Νι.
939 334 1058 390 78--80,
1076 350 1101 389 a
1123 332 1311 388 leae-1327.
1690 332 1741 387 277

435 482 572 549 ecclesie
595 483 679 547 sacri
704 484 871 565 sanguinis
898 482 991 547 lhcsu
1012 481 1131 547 Christi
1158 482 1191 546 in
1212 480 1388 547 Waterlerc
1414 478 1539 545 fidelem
1565 480 1744 545 amiciciam

435 578 469 637 et
488 572 691 637 caritativam
712 572 912 637 devotionem
933 570 1131 654 quarundam
1151 590 1367 655 personarum.
1384 570 1515 633 fratrum
1537 566 1745 633 kalendarum

435 661 469 725 in
491 658 653 743 Eylstede,
672 660 910 726 considerantes
931 657 1026 743 quarn
1047 661 1134 725 circa
1156 668 1295 725 nostram
1315 658 1483 725 ecclesiam
1504 664 1537 723 et
1557 664 1745 723 conventum

435 750 477 813 ob
498 750 707 815 reverentiam
730 752 813 814 sacri
842 750 1008 833 sanguinis
1033 754 1159 831 gerunt,
1189 755 1223 812 nt
1250 748 1344 813 certis
1366 748 1495 812 indiciis
1515 746 1686 811 didicimus
1714 754 1746 812 et

436 837 592 902 veraciter
616 839 739 921 experti
766 858 887 918 sumus,
918 838 1031 903 damus
1061 844 1092 902 et
1118 837 1321 903 concedimus
1352 836 1471 901 eisdem
1503 834 1654 900 iratribus
1683 841 1746 901 tam

439 926 564 991 clericis
582 946 679 1008 quarn
696 928 797 1011 laycis
817 928 964 993 omuibus
984 947 1023 992 ac
1043 927 1179 1009 singulis
1205 926 1333 1010 plenam
1356 926 1585 990 fraternitatem
1607 932 1745 990 nostram

437 1024 469 1081 et
488 1016 628 1081 omnium
649 1017 800 1082 bonorum
822 1036 952 1101 operum
972 1017 1144 1100 perlectam
1171 1016 1464 1098 participationem,
1492 1033 1552 1096 que
1579 1014 1611 1078 in
1639 1020 1746 1079 nostro

436 1104 570 1170 cenobio
590 1104 644 1169 dio
665 1111 822 1187 noctuque
844 1106 876 1170 in
898 1106 1020 1185 missis,
1047 1103 1185 1186 vigiliis,
1211 1102 1353 1183 ieiuniis,
1374 1102 1584 1176 orationihus,
1610 1102 1747 1185 castiga-

436 1193 576 1258 tionibus
609 1194 745 1276 aliisque
776 1194 868 1259 bonis
897 1194 1046 1277 operibus
1073 1192 1198 1276 operari
1227 1191 1413 1273 dignabitur
1437 1190 1548 1255 divina
1579 1190 1749 1256 dementia

436 1281 620 1355 salvatoris,
647 1290 796 1366 rogantes
817 1302 873 1348 eos
892 1302 1001 1347 omnes
1022 1289 1054 1347 et
1074 1282 1233 1365 singulos,
1259 1288 1294 1345 ut
1314 1287 1346 1345 ct
1367 1298 1425 1345 nos
1446 1278 1595 1343 bonorum
1624 1297 1749 1344 snorum

437 1390 568 1453 operum
600 1372 697 1436 etiam
730 1373 923 1457 participent
956 1378 1085 1455 propter
1114 1371 1218 1435 deum.
1265 1370 1301 1433 ln
1330 1370 1423 1434 huius
1449 1367 1643 1433 evidentiam
1671 1366 1747 1433 iacti

438 1467 602 1544 presentes
622 1460 744 1525 litteras
765 1462 882 1527 nostris
903 1460 1019 1543 sigillis
1039 1460 1197 1543 appositis
1218 1459 1365 1524 duximus
1386 1456 1585 1524 muniendas.

519 1550 637 1614 Datum
668 1570 751 1615 anno
781 1551 902 1615 domini
930 1548 1218 1628 M⁰CGC⁰XXVll⁰,
1256 1549 1289 1613 in
1320 1548 1458 1613 crastino
1492 1544 1750 1612 annunciationis

443 1639 535 1704 beate
556 1637 657 1703 Mario
679 1639 820 1721 virginis.
862 1640 974 1705 Valete
993 1641 1026 1704 in
1047 1638 1185 1719 domino,
1206 1656 1309 1702 amen.

516 1764 622 1819 Uracbr.
649 1766 724 1835 Perp.
750 1766 838 1821 li'errr.
865 1768 914 1821 mit
937 1766 1066 1819 Bmcbat.
1088 1764 1113 1817 d.
1139 1764 1357 1831 Coracantrer'epela
1384 1762 1444 1831 (apl.
1467 1762 1525 1828 los.
1545 1759 1593 1825 II,
1619 1760 1670 1815 Nr.
1693 1764 1748 1825 21).

444 1836 502 1889 Von
520 1835 676 1889 caccabate
695 1838 731 1889 iat
748 1853 799 1889 ron
816 1836 889 1891 einer
907 1836 994 1889 Hand
1013 1836 1059 1889 dea
1075 1834 1261 1905 antecedentiam
1278 1837 1318 1887 15.
1338 1832 1387 1887 Jb.
1406 1832 1534 1885 merli:
1558 1831 1639 1886 nichil
1663 1829 1701 1896 (d.
1720 1830 1746 1884 lt.

438 1904 551 1973 „braant
567 1906 656 1959 alodia
672 1907 777 1975 eira!“).

439 2028 548 2114 1327.
575 2028 694 2110 Mira
712 2027 772 2110 27.
1679 2020 1746 2105 80.

539 2163 612 2229 Das
640 2162 768 2227 Kloster
793 2162 945 2226 Watertar
972 2162 1150 2239 versidrert,
1187 2162 1262 2225 dass
1295 2162 1352 2243 fiir
1383 2161 1434 2224 die
1464 2178 1531 2224 vom
1561 2158 1748 2239 Stillsherrrr

541 2263 671 2329 «totana
696 2282 755 2324 vora
772 2260 935 2325 Raucae
960 2280 1001 2324 aa
1022 2259 1053 2323 S.
1074 2260 1241 2341 Bonisact'r'
1261 2260 1297 2323 r'rr
1317 2257 1521 2322 llolberstcdt
1541 2276 1607 2320 vom
1625 2254 1747 2335 Heraop

545 2359 613 2425 Otto
638 2380 680 2424 arr
701 2359 965 2438 Brarrrtschweip,
993 2359 1053 2421 dere
1079 2377 1138 2422 oon
1163 2357 1347 2421 Bodeadielc
1376 2352 1445 2419 aad
1475 2375 1533 2419 vora
1559 2354 1674 2419 Goslrrr
1702 2374 1749 2417 er·

538 2459 671 2539 haeften
698 2456 767 2520 aad
795 2456 865 2519 dem
892 2455 931 2519 K
934 2456 1025 2519 lostm
1055 2455 1255 2536 pescbenlrterr
1287 2455 1353 2517 vicr
1381 2453 1493 2535 Hatera
1517 2456 1630 2515 sammt
1664 2451 1748 2515 einer

539 2554 690 2637 Hofstelle
722 2574 764 2619 aar
797 2552 950 2618 Waterter
978 2554 1029 2615 eia
1060 2552 1194 2632 Koplurr
1233 2551 1444 2627 osterholterr,
1474 2548 1644 2614 denoebea
1678 2548 1746 2611 eine

536 2652 703 2732 Wotaaap
725 2651 925 2731 oapaoieserr,
948 2650 999 2713 die
1017 2650 1190 2731 pestiftetcn
1211 2650 1277 2713 cler
1300 2648 1444 2713 Gcacr'terr
1464 2646 1575 2727 richila
1595 2643 1745 2727 peltollcrt,

540 2750 661 2815 andticb
681 2748 815 2813 dersclbe
833 2751 890 2831 fiir
909 2748 977 2812 eirca
997 2748 1162 2812 hestricrrrtte
1184 2746 1308 2811 Stemma
1326 2746 1457 2828 pespct'st
1477 2744 1599 2807 camden
1620 2741 1684 2806 soll.

518 2886 555 2949 ln
583 2884 712 2948 nomino
743 2890 834 2948 sante
860 2889 893 2947 et
919 2880 1084 2946 individue
1113 2880 1265 2946 trinitatis
1295 2900 1397 2945 amen.
1449 2878 1516 2943 Nos
1547 2876 1746 2941 Hermannns

436 2976 632 3061 prepositus,
659 2971 856 3055 Adelheydis
882 2970 1061 3052 abbatissa,
1089 2970 1286 3052 adelhaydis
1319 2969 1472 3053 priorissa
1501 2971 1646 3045 totusque
1673 2982 1746 3028 con·

437 3070 550 3129 ventus
573 3062 862 3127 sanctimonialium
888 3060 970 3125 sacri
998 3059 1165 3141 sanguinis
1190 3059 1283 3123 lhesu
1306 3058 1423 3123 Christi
1450 3058 1483 3121 in
1503 3052 1678 3119 Waterlcrc
1703 3052 1746 3117 ad

436 3152 588 3219 noticiam
607 3150 824 3214 universorum
848 3156 913 3213 tam
943 3149 1099 3233 presentis
1120 3168 1214 3229 quam
1241 3155 1365 3232 postera
1391 3144 1535 3210 nacionis
1561 3140 1746 3206 deducimus

436 3242 565 3327 publice
595 3246 822 3324 protestantes,
853 3238 938 3319 quod
968 3238 1114 3303 dominus
1145 3237 1304 3301 lohannes
1335 3235 1438 3301 dictus
1469 3232 1510 3297 de
1537 3229 1746 3313 Reyenstedc,

436 3330 608 3396 canonicus
624 3328 758 3394 ecclesie
772 3323 1090 3405 sanctiBonel‘aciitl)
1113 3326 1145 3388 in
1161 3324 1345 3390 Halberstat
1365 3331 1499 3405 quatuor
1519 3338 1646 3385 mansos
1667 3318 1745 3384 sitos

438 3422 470 3484 iu
500 3420 623 3501 campis
648 3417 726 3481 villo
746 3415 936 3497 Waterlere,
967 3435 1046 3497 quos
1074 3435 1144 3479 curn
1176 3434 1253 3478 area
1283 3422 1314 3479 et
1339 3413 1413 3477 aliis
1441 3409 1563 3477 iuribus
1588 3407 1746 3473 universis

437 3506 668 3591 pertinentibus
690 3504 733 3568 ad
754 3504 882 3569 eosdem
903 3523 1031 3567 mansos
1050 3510 1116 3567 tam
1137 3504 1170 3567 in
1193 3503 1271 3567 villa
1291 3521 1386 3585 quam
1409 3498 1745 3567 extravillamWater-

437 3598 501 3662 lere
522 3614 581 3659 sua
603 3595 738 3678 pecunia
758 3592 800 3658 ab
813 3593 927 3657 illustri
945 3593 1090 3677 principe
1100 3592 1217 3669 Ottone
1234 3591 1314 3655 duce
1330 3590 1363 3653 in
1379 3586 1574 3667 Brunswich,
1595 3585 1747 3666 Iohanne,

439 3684 570 3747 Hinrico
591 3681 741 3745 fratribus
761 3680 802 3745 de
823 3678 1024 3756 Bodendihe‚
1052 3680 1166 3753 Emito,
1197 3676 1353 3763 Lippoldo
1375 3676 1524 3742 iratribus
1552 3674 1747 3759 patruelibus

438 3771 617 3846 eorundem,
637 3770 777 3834 Iohanne
797 3770 898 3834 milite
920 3777 951 3834 et
970 3771 1104 3833 Annona
1124 3769 1240 3833 ramulo
1256 3767 1407 3833 iratribus
1428 3764 1523 3831 dictis
1543 3763 1583 3827 de
1600 3763 1747 3828 Goslaria

438 3861 644 3940 comparavit,
665 3859 855 3924 monasterio
877 3865 983 3922 nostro
1003 3858 1136 3923 contulit
1156 3857 1249 3922 modo
1269 3857 1471 3941 infrascripto
1491 3860 1522 3919 et
1544 3873 1614 3918 oum
1626 3852 1745 3917 eisdem

437 3957 572 4032 quatuor
591 3949 712 4013 mansis
733 3946 774 4012 de
796 3966 949 4012 consensu
970 3955 1077 4011 nostro
1097 3966 1183 4011 mero
1204 3954 1236 4013 et
1250 3966 1400 4029 expresso
1417 3944 1747 4023 coomninmqucrum

437 4039 568 4103 interest
592 4056 648 4101 scu
677 4038 829 4102 interesse
862 4036 977 4121 poterit
1012 4037 1045 4100 in
1076 4038 1229 4112 laturum,
1259 4036 1460 4119 capellanum
1489 4038 1676 4117 perpetuum
1704 4030 1746 4095 ad

436 4126 638 4191 officiandum
672 4124 832 4207 quoddam
869 4126 970 4189 altare
1005 4124 1108 4190 eidem
1146 4124 1314 4209 capellano
1352 4126 1480 4205 suisque
1514 4119 1748 4186 successorihus

436 4216 624 4299 deputatum
643 4215 677 4278 in
699 4214 890 4279 monasterio
903 4222 1010 4279 nostro
1022 4214 1159 4278 instituit
1179 4220 1211 4277 et
1231 4212 1400 4291 ordinavit,
1422 4211 1505 4293 quod
1524 4208 1746 4274 monasterium

437 4312 579 4371 nostrum
609 4304 769 4388 predictos
801 4310 935 4385 quatuor
972 4322 1099 4368 mansrrs
1134 4302 1219 4367 colat
1253 4308 1285 4366 et
1317 4301 1357 4365 de
1383 4298 1503 4364 eisdem
1537 4298 1656 4363 mansis
1684 4298 1748 4381 ipsi

437 4393 605 4477 capellano
624 4394 753 4474 suisque
773 4392 1008 4457 successoribus
1027 4390 1145 4473 viginti
1165 4389 1289 4454 maldra
1309 4389 1407 4453 tritici
1428 4394 1459 4453 ct
1485 4385 1616 4451 totidem
1646 4404 1749 4451 avene

439 4483 605 4550 annuatim
637 4482 872 4548 amonasterio
899 4489 1006 4547 nostro
1036 4480 1235 4562 integraliter
1269 4477 1497 4565 persolvantur.
1540 4474 1575 4555 Si
1607 4492 1683 4540 vero
1714 4472 1747 4539 iu
