4459 5167
482 297 532 352 168
792 299 956 367 Augustincr
974 298 1224 352 Einsicdlerldostcr
1242 295 1470 366 Himmelplortcn.

581 449 682 511 lmarat
708 447 831 510 acerrima
863 447 933 510 aad
964 466 1030 510 aur
1061 445 1139 511 occb
1169 445 1268 510 sitarcia
1294 447 1354 509 aar
1377 444 1516 509 Generul
1541 445 1598 508 m„
1623 445 1691 508 daut
1721 443 1782 510 Ga-

583 532 790 600 sommto'rdcn
822 535 858 598 ira
894 535 1095 617 Verbiadurtq
1128 534 1251 600 blcibcn.
1305 535 1522 598 Transsnmor
1549 553 1616 598 com
1644 534 1707 598 Act
1740 553 1783 598 au

583 626 614 691 S.
636 625 772 706 Eprilica
792 625 828 688 ia
849 624 1027 706 Niirnbcrp,
1049 625 1177 706 August
1198 629 1359 689 121474.

561 714 673 780 Petrus
699 715 902 780 miseratione
922 715 1033 779 divina
1056 715 1138 780 tituli
1160 715 1263 780 sancti
1283 714 1399 779 Vitalis
1420 719 1620 779 sacrosancte
1641 712 1783 777 Romane

483 802 617 868 ecclesie
632 801 787 886 presbiter
810 802 984 867 cardinalis
1004 810 1036 868 et
1056 810 1165 868 sancte
1187 802 1361 887 apostolice
1383 802 1469 868 sedis
1490 802 1696 886 permissione
1717 801 1783 885 epi-

484 911 599 976 scopos
618 893 828 974 Augustcnsis
848 912 887 956 ac
907 912 964 976 per
986 894 1166 957 nniversam
1190 893 1391 957 Germaniam
1415 891 1456 956 de
1474 892 1574 956 latere
1594 891 1718 973 legatus
1739 889 1783 955 ad

483 987 670 1065 perpetuam
680 981 733 1060 lrci
749 981 942 1047 memoriam.
963 981 1073 1064 Digna
1085 983 1289 1048 exauditione
1307 990 1381 1047 vcta
1402 981 1566 1046 humilium
1580 998 1784 1064 personarum

484 1071 623 1134 maxime
647 1069 766 1135 divinis
787 1070 935 1135 laudibus
957 1089 1109 1153 sacroque
1137 1071 1344 1135 observancic
1369 1069 1546 1134 deditarum
1568 1070 1705 1150 benigno
1726 1088 1784 1134 nos

485 1158 635 1223 convenit
651 1158 759 1223 favore
779 1160 926 1242 persequi
947 1161 1078 1241 achiis,
1100 1180 1161 1242 quc
1184 1165 1352 1243 propterea
1371 1159 1457 1224 iacta
1477 1159 1578 1237 fuere,
1607 1166 1640 1222 ut
1660 1158 1785 1223 illibata

485 1247 669 1328 persistant,
700 1247 848 1329 libenter,
868 1268 938 1312 cum
964 1249 1097 1314 anobis
1123 1250 1254 1331 petitur,
1280 1248 1488 1332 apostolicam
1516 1247 1659 1314 volumus
1687 1247 1784 1329 adjici

485 1335 668 1400 muniminis
678 1334 864 1400 firmitatem.
896 1337 981 1402 Sane
991 1358 1049 1423 pro
1066 1345 1156 1422 parte
1179 1337 1362 1403 dilectorum
1374 1337 1465 1402 nobis
1480 1337 1514 1401 in
1529 1336 1653 1402 Christo
1666 1336 1785 1412 vicarii,

485 1424 623 1508 priorum
644 1429 675 1487 et
694 1423 826 1487 fratrum
847 1424 1009 1491 domorum
1029 1426 1330 1509 Magdeburgensis,
1360 1425 1452 1492 Por-te
1474 1425 1558 1506 Oeli,
1586 1425 1787 1507 Dresdensis,

484 1511 742 1576 Waltbeimensis
761 1519 793 1576 et
811 1513 1108 1597 NurembergensiS,
1136 1516 1258 1580 ordinis
1278 1516 1408 1580 fratrum
1433 1515 1656 1580 heremitarum
1683 1515 1786 1580 sancti

483 1601 653 1682 Augustini
687 1602 849 1685 provincie
881 1605 1034 1686 Saxonis,
1065 1604 1174 1670 oblata
1206 1605 1297 1670 nobis
1332 1605 1444 1688 petitio
1476 1605 1669 1685 continebat,
1701 1604 1784 1686 quod

482 1689 601 1754 dudum
629 1689 746 1755 fraterl
780 1692 1061 1758 reverendissimus
1086 1693 1248 1775 Eugenius
1280 1713 1367 1777 papa
1398 1693 1500 1758 ΠΙΙτηε
1531 1693 1573 1758 ad
1600 1695 1785 1777 petitionem

482 1779 643 1863 generalis
662 1778 740 1843 dicti
760 1779 880 1843 ordinis
901 1782 1031 1865 prioris,
1058 1781 1164 1846 fratris
1186 1781 1343 1847 Gerhardi
1365 1781 1405 1846 de
1427 1783 1587 1858 Arimino,
1616 1783 1728 1848 vicarii
1754 1789 1786 1846 et

482 1869 612 1934 fratrum
634 1867 789 1932 dictarum
818 1867 978 1933 domorum
1004 1869 1094 1953 ipsas
1120 1870 1229 1936 domos
1250 1870 1410 1936 univerint
1428 1874 1512 1936 inter
1539 1890 1588 1952 se,
1617 1878 1651 1934 ut
1677 1871 1710 1936 in
1738 1871 1785 1935 eis

483 1978 548 2023 una
568 1978 607 2023 ac
627 1957 792 2022 uniformis
813 1964 896 2022 esset
916 1958 1133 2038 observantia,
1158 1962 1216 2025 sub
1246 1979 1306 2024 uno
1328 1961 1482 2042 singulari
1504 1967 1645 2042 pastore,
1666 1960 1785 2025 vicario

485 2047 635 2112 videlicet
655 2047 830 2128 generalis,
857 2055 1054 2113 conservata
1095 2047 1137 2111 Et
1157 2068 1197 2112 ne
1218 2050 1250 2112 in
1271 2050 1407 2113 futurum
1426 2049 1509 2114 inter
1527 2050 1640 2114 fratres
1666 2049 1786 2130 irregu-

482 2137 590 2203 lariter
610 2138 755 2202 viventes
775 2135 884 2217 aliqua
904 2134 991 2200 fieret
1011 2136 1167 2202 dissensio
1188 2155 1244 2201 seu
1264 2137 1454 2219 immutatio,
1475 2138 1559 2202 idern
1582 2155 1667 2220 papa
1683 2137 1785 2217 Euge·

483 2227 556 2291 nius
575 2226 679 2290 dictas
700 2225 809 2290 domos
829 2225 870 2289 ab
891 2224 964 2290 aliis
984 2226 1131 2290 domibus
1151 2225 1285 2310 predicti
1304 2226 1425 2291 ordinis
1446 2227 1563 2292 eremit
1580 2233 1611 2290 et
1624 2226 1787 2308 separavit

484 2335 522 2379 ac
550 2319 714 2399 exemptas
743 2321 775 2378 et
801 2321 967 2398 separatas
991 2334 1061 2380 esse
1087 2316 1201 2394 voluit,
1233 2321 1375 2380 statuens
1410 2321 1443 2380 et
1477 2317 1668 2398 concedens,
1700 2315 1785 2397 qnod

404 2407 407 2410 ’
483 2402 620 2467 vicarius
640 2409 672 2467 et
692 2404 827 2486 priores,
851 2405 963 2469 fratres
989 2410 1022 2469 et
1048 2403 1181 2468 domus²
1207 2404 1341 2488 predicti
1368 2406 1446 2470 nulli
1466 2405 1529 2469 uisi
1556 2405 1615 2471 soli
1643 2405 1785 2487 generali

482 2490 602 2555 ordinis
622 2497 729 2556 essent
750 2492 899 2575 subiecti,
923 2491 1067 2574 acquod
1091 2493 1211 2575 priores
1237 2499 1268 2556 et
1294 2493 1407 2559 fratres
1433 2493 1608 2575 plenariam
1632 2493 1786 2558 haberent

483 2580 634 2643 vicariurn
657 2580 741 2645 inter
759 2599 795 2645 se
815 2579 954 2662 eligendi
976 2579 1157 2644 facultatem
1177 2598 1215 2644 ao
1235 2598 1273 2644 eo
1295 2582 1394 2645 electo
1420 2581 1490 2664 ipso
1516 2583 1600 2646 facto
1621 2589 1785 2647 censeatur

482 2674 514 2733 et
534 2671 640 2734 esset³
661 2669 870 2736 confirmatus.
901 2668 1027 2734 Deinde
1047 2671 1143 2734 frater
1153 2669 1436 2735 reverendissimus
1445 2672 1521 2736 Pius
1532 2691 1618 2755 papa
1630 2671 1786 2736 secundus

484 2758 653 2825 attendens
672 2759 827 2843 premissa
846 2765 954 2824 sancte
975 2768 1007 2824 et
1027 2759 1177 2842 religiose
1197 2761 1263 2824 fore
1284 2780 1449 2840 concessa,
1478 2781 1518 2826 ex
1544 2759 1677 2843 speciali
1703 2759 1785 2824 dono

481 2849 584 2930 gratie
602 2849 756 2930 premissa
775 2847 992 2913 confirmavit4
1012 2867 1050 2912 ae
1069 2848 1188 2911 dictam
1209 2848 1335 2913 domum
1356 2847 1485 2912 fratrum
1496 2849 1784 2932 Nurinbergensem

483 2936 614 3020 prefatis
633 2936 778 3001 domibus
796 2936 881 3000 sedis
902 2936 1075 3019 apostolice
1095 2937 1288 3002 associavit⁵
1309 2943 1341 3000 et
1361 2945 1395 3001 ut
1416 2937 1594 3020 privilegiis
1610 2945 1642 3003 et
1658 2958 1784 3022 exemp-

483 3023 632 3104 tionibus,
653 3024 767 3106 quibus
779 3026 900 3106 prel'ate
922 3025 1032 3088 domus
1052 3023 1284 3106 gaudentur(!),
1306 3026 1377 3109 ipsa
1391 3025 1502 3091 domus
1517 3027 1785 3110 Nurinbergensis

483 3114 602 3197 pariter
615 3113 754 3195 gaudere
769 3119 876 3196 posset
897 3119 928 3177 et
948 3111 1085 3191 deberet,
1103 3114 1189 3179 unde
1210 3115 1276 3178 sio⁰
1298 3114 1409 3180 eadem
1430 3117 1542 3199 petitio
1563 3116 1785 3198 subiungebat,

483 3201 617 3284 predicti
628 3202 775 3282 vicarius,
795 3202 917 3286 priores
927 3209 959 3266 et
978 3202 1090 3266 iratres
1111 3200 1273 3268 domorum
1294 3205 1486 3287 prefatorum
1507 3205 1678 3269 formidant
1697 3205 1784 3270 unio-

483 3311 570 3373 nem,
602 3290 854 3370 ordinacionem,
890 3289 1163 3357 confirmacionem
1195 3299 1227 3356 et
1260 3293 1499 3358 observantiam
1525 3294 1685 3373 predictas
1709 3313 1784 3358 non-

482 3398 642 3461 nunquam
663 3399 720 3461 per
740 3380 916 3463 cuiuspiam
937 3378 1073 3444 hominis
1096 3379 1195 3445 false⁷
1216 3383 1430 3463 suggestionis
1451 3383 1663 3466 calumpniam
1684 3382 1784 3448 dilabi

461 3474 541 3533 'aut
573 3467 731 3532 immutari
761 3487 863 3551 posse.
915 3468 1015 3532 Nobis
1046 3469 1152 3550 itaque
1187 3470 1345 3534 humiliter
1375 3472 1548 3554 supplicari
1580 3471 1722 3537 fecerunt
1754 3479 1786 3537 et

483 3556 607 3636 devote,
627 3564 781 3639 quatenns
802 3576 897 3639 super
916 3557 1079 3640 premissis
1094 3557 1192 3644 robur
1212 3565 1317 3623 nostre
1332 3559 1490 3626 firmitatis
1514 3561 1653 3643 adjicere
1673 3581 1785 3645 appro-

483 3645 620 3726 barequc
648 3645 794 3710 unionem
820 3645 1015 3726 huiusmodi,
1040 3647 1189 3728 quatinus
1216 3649 1279 3712 iarn
1306 3654 1337 3712 ct
1365 3649 1515 3734 deinceps
1540 3669 1664 3734 semper
1697 3650 1784 3715 unita

485 3753 555 3798 esse
576 3732 714 3798 debeant
734 3731 845 3798 domus
865 3733 985 3816 prefate
1007 3753 1046 3799 ac
1066 3736 1187 3800 vicario
1208 3735 1367 3819 predicto,
1399 3738 1427 3800 si
1447 3739 1563 3820 aliquis
1584 3758 1622 3803 ex
1640 3739 1784 3804 domibus

485 3823 635 3906 protectis
663 3821 727 3886 ab8
753 3821 868 3886 unione
889 3821 1065 3888 huiusmodi
1086 3825 1233 3889 recedere
1260 3833 1467 3908 presumeret,
1499 3827 1560 3892 an9
1587 3827 1692 3892 forsan
1720 3827 1783 3890 iarn

483 3913 666 3978 recessisset
674 3913 710 3987 ¹⁰,
731 3909 913 3976 facultatem
926 3912 1090 3977 coercendi
1102 3913 1281 3996 cundem11,
1303 3921 1334 3978 et
1347 3921 1381 3980 ut
1402 3915 1443 3978 ad
1456 3918 1609 3981 unitatem
1630 3917 1785 3999 prefatam

481 3999 600 4065 rediret
610 4001 647 4081 ¹²,
681 4018 738 4083 per
769 4018 932 4064 censuram
962 4002 1211 4067 ecclesiasticam
1245 4001 1453 4087 compellendi
1481 4026 1549 4071 cum
1580 4007 1785 4071 invocacione

484 4087 607 4153 brachii
643 4086 795 4151 secularis
826 4096 920 4171 atque
951 4089 1054 4154 eidem
1089 4090 1211 4156 vicario
1243 4112 1350 4158 omnes
1386 4097 1590 4162 auctoritates
1629 4100 1660 4158 et
1695 4095 1784 4160 iuris-

483 4176 638 4242 dictiones
660 4195 716 4259 pro
733 4195 768 4240 se
790 4177 821 4241 in
843 4176 955 4241 fratres
973 4198 1011 4242 ac
1032 4179 1142 4244 domos
1163 4179 1337 4262 predictas,
1366 4203 1458 4264 quam
1480 4183 1640 4264 generalis
1665 4183 1786 4248 ordinis

482 4265 517 4330 in
535 4266 648 4330 fratres
668 4265 770 4330 tocius
789 4265 910 4330 ordinis
930 4266 1042 4331 solitus
1062 4273 1111 4331 est
1125 4266 1287 4332 haberoli.
1329 4269 1456 4351 Rursus,
1480 4292 1519 4335 ne
1539 4271 1581 4336 ob
1601 4272 1694 4336 unius
1717 4272 1786 4335 ovis

481 4354 617 4420 morbidi
646 4373 753 4419 casum
775 4355 920 4419 unionem
947 4355 1109 4420 domorum
1137 4355 1328 4440 prefatarum
1356 4358 1488 4425 dissolvi
1518 4367 1550 4424 et
1571 4361 1660 4425 illam
1682 4361 1785 4446 perire

481 4443 696 4527 contingeret,
714 4442 870 4528 prioribus
891 4443 1045 4510 dictamm
1069 4443 1246 4522 domorum,
1267 4446 1300 4510 in
1322 4447 1425 4531 ipsum
1446 4448 1613 4532 vicarium,
1634 4450 1662 4516 si
1679 4457 1784 4515 tamen
