4459 5167
848 284 896 341 Nr.
914 288 1035 341 57-59.
1053 306 1078 345 ι
1099 290 1175 343 1812,
1200 290 1273 344 1313,
1660 294 1715 349 268

402 468 512 553 1312.
538 472 645 555 Jrrnl
663 472 728 555 23.
1647 478 1713 560 58.

504 606 577 671 Dos
595 608 726 671 Kloster
748 608 900 673 Weterler
920 610 1057 687 ὂσᾶσησᾶ,
1079 611 1156 675 dosa
1177 613 1235 693 sair
1254 612 1306 675 ἄίσ
1325 612 1494 676 ἄσηᾶσᾶἄση
1513 612 1713 693 pecctore-tor

504 705 574 768 ηᾶἄ
597 726 671 769 aum
696 707 839 789 Ankous
862 708 917 771 des
941 707 1150 788 Elpeotlmms
1174 710 1231 771 der
1259 708 1294 771 irs
1320 710 1534 773 υονᾶἄισηᾶσν
1564 709 1714 775 Urlreade

501 807 680 882 pensantes
701 803 802 867 Gdter
821 806 1031 868 ησνηοσηᾶἄση
1050 808 1128 887 lbos
1144 806 1244 869 Maris
1261 806 1397 887 jdbrlleb
1418 808 1488 871 eine
1505 807 1595 873 belbe
1612 808 1713 872 Mork

504 920 566 962 aus
586 900 642 963 der
659 900 697 964 K
699 900 892 965 memnon
910 922 952 968 ἄη
970 904 1032 967 ἄση
1042 902 1315 968 Kircbenliebtern
1332 905 1462 985 pepeben
1482 906 1606 969 werdere
1625 904 1691 969 soll.

487 1026 524 1089 ln
544 1026 670 1091 nomine
690 1034 799 1093 sancte
820 1034 852 1093 et
872 1027 1038 1093 individue
1060 1028 1221 1093 trinitatis.
1263 1028 1422 1093 Iohannes
1442 1028 1495 1094 dei
1503 1030 1621 1134 gratia
1643 1050 1709 1115 pre·

399 1115 542 1218 positura,
568 1114 693 1199 Sophia
720 1116 884 1183 abbatissa
911 1124 1057 1199 totusque
1084 1125 1258 1183 conventus
1288 1118 1370 1183 sacri
1397 1118 1564 1201 sanguinis
1590 1119 1711 1184 domiui

400 1204 502 1268 nostri
523 1202 616 1268 Ibesu
627 1203 797 1269 Christum
809 1206 1004 1269 Waterleren
1028 1205 1204 1271 omnibus
1196 1212 1436 1289 inperpetuum.
1464 1206 1541 1271 Cum
1560 1206 1712 1271 memoria

399 1293 563 1359 homiuum
584 1293 626 1357 sit
648 1313 699 1359 res
719 1293 853 1375 fragilis,
875 1294 1004 1379 expedit
1025 1301 1059 1359 ut
1081 1313 1122 1359 ea
1143 1314 1204 1377 quc
1223 1300 1361 1377 aguntur
1381 1294 1508 1377 seriptis
1529 1296 1712 1361 autteutiois

401 1380 645 1465 perhenneutur.
696 1382 781 1449 Hinc
814 1392 878 1464 est,
911 1383 994 1467 qnod
1026 1389 1133 1449 notum
1171 1402 1240 1447 esse
1276 1384 1419 1447 volumus
1455 1382 1712 1448 christifidelibus

402 1470 577 1549 universis,
602 1470 686 1553 quod
713 1478 836 1536 matura
865 1472 1095 1537 deliberatione
1121 1472 1232 1537 habita
1257 1470 1298 1537 de
1323 1470 1462 1553 quinque
1489 1472 1621 1553 mercis,
1650 1491 1711 1555 que

401 1566 496 1624 erant
516 1558 589 1624 date
615 1560 749 1625 ecclesie
773 1567 879 1625 nostre
904 1581 926 1625 a
951 1561 1088 1643 quodam
1108 1560 1224 1627 devoto
1251 1580 1307 1644 pro
1337 1557 1476 1625 remedio
1504 1560 1628 1625 anime¹
1655 1578 1711 1627 sue

402 1648 446 1712 ad
472 1646 641 1714 luminaria
665 1648 748 1714 sacri
775 1650 941 1733 sanguinis
967 1648 1184 1731 emendanda,
1212 1650 1275 1715 iam
1301 1646 1404 1713 dictes
1430 1668 1554 1715 marcas
1578 1669 1636 1732 pro
1658 1668 1711 1715 ne-

401 1737 552 1802 cessitate
580 1744 612 1801 et
639 1738 778 1805 utilitate
809 1746 915 1805 nostre
946 1737 1080 1805 ecclesie
1107 1736 1357 1822 :exponeremus
1370 1738 1405 1815 (l)
1432 1757 1490 1821 pro
1516 1738 1711 1822 proprietate

401 1826 555 1891 bonorum
581 1827 828 1911 subscriptorum
860 1826 902 1891 ad
930 1834 1069 1892 nostram
1100 1826 1267 1893 ecelesiam
1302 1824 1532 1910 comparanda,
1561 1824 1712 1893 videlicet

402 1914 529 1979 dimidii
553 1917 654 1981 mansi
684 1916 737 1981 siti
763 1916 796 1979 in
815 1916 1012 1981 Waterleren
1039 1924 1070 1981 et
1101 1915 1235 1983 duamm
1261 1934 1405 1981 arearum
1433 1914 1552 1981 ibidem
1577 1914 1710 1981 sitarum

402 2022 442 2067 ae
468 2004 562 2067 unius
591 2004 686 2087 silve;
715 2024 807 2088 quem
835 2004 964 2087 quidem
987 2004 1153 2070 dimidium
1182 2022 1327 2071 mansum
1356 2010 1387 2068 et
1414 2022 1453 2069 ea
1480 2024 1541 2085 que
1566 2010 1711 2089 prctacta

401 2098 477 2157 sunt
497 2092 653 2158 Wolterus
680 2092 722 2158 de
749 2092 850 2159 Leren
876 2092 1035 2176 qnondam
1062 2100 1208 2159 tenuerat
1232 2112 1254 2157 a
1279 2098 1427 2157 strennuo
1452 2092 1553 2159 milite
1582 2092 1709 2159 donnino

401 2181 584 2246 Hermanno
615 2182 702 2247 dioto
729 2180 771 2247 de
802 2181 971 2249 Gowisehe
1001 2182 1068 2247 iure
1100 2182 1228 2247 leodali.
1278 2183 1427 2247 Preterea
1456 2182 1710 2265 comparavimus

401 2290 474 2335 cum
491 2270 556 2334 iam
576 2270 664 2335 dieta
683 2270 820 2354 pecunia
839 2271 940 2335 ceiam
952 2271 1178 2355 proprietatem
1195 2270 1350 2352 quartalis
1366 2270 1459 2335 unius
1471 2268 1575 2335 mansi
1589 2268 1709 2335 ibidem

401 2359 549 2425 etunius
569 2360 664 2440 curie,
685 2379 747 2441 que
766 2358 870 2423 luerat
891 2360 1013 2425 Hinriei
1034 2360 1112 2425 dieti
1133 2360 1312 2439 Albreetes‚
1336 2378 1374 2424 ac
1396 2357 1527 2423 duarum
1548 2358 1710 2441 silvarum,

399 2466 534 2531 quarum
559 2467 625 2511 una
652 2455 700 2513 est
726 2448 790 2514 sita
814 2449 901 2532 apud
926 2449 1060 2513 eandem
1084 2447 1210 2529 villam,
1241 2448 1307 2513 alia
1332 2446 1418 2531 apud
1448 2446 1559 2513 villam
1584 2446 1710 2529 Berslc;

399 2555 463 2621 que
481 2536 562 2601 silve
583 2537 743 2619 quondam
763 2536 1035 2603 fuerantCouradi
1056 2536 1143 2621 apud
1164 2546 1299 2621 stupam.
1325 2536 1363 2601 In
1376 2536 1468 2601 istius
1482 2554 1558 2601 vero
1575 2536 1710 2619 pecunie

399 2644 638 2709 recompensam
658 2624 837 2691 dimisimus
863 2632 954 2690 etex
975 2626 1133 2692 communi
1154 2644 1308 2691 consensu
1331 2626 1430 2691 nostri
1452 2628 1624 2690 conventus
1652 2641 1710 2709 per

401 2719 565 2797 presentes
596 2713 812 2795 concedimus,
843 2712 926 2796 quod
965 2715 1006 2778 de
1041 2720 1148 2779 nostro
1179 2714 1305 2796 proprio
1340 2712 1532 2778 mollendino
1565 2712 1598 2776 in
1629 2711 1710 2778 villa

402 2802 599 2868 Waterleren
623 2802 685 2866 sito
711 2802 754 2867 ad
778 2802 948 2867 luminaria
975 2809 1082 2869 nostre
1109 2803 1244 2869 ecclesie
1269 2806 1412 2885 protecte
1437 2800 1573 2866 dimidia
1600 2819 1709 2867 marca

401 2890 523 2955 usualis
549 2890 643 2955 annis
666 2888 801 2971 siugulis
828 2889 862 2954 in
886 2888 967 2955 festo
992 2890 1096 2955 saneti
1118 2888 1205 2955 Galli
1232 2896 1384 2974 perpetuo
1409 2889 1616 2972 persolvatur.
1656 2888 1709 2955 Ad

400 2979 531 3043 istcmm
545 2976 665 3043 limiam
686 2979 925 3045 observanciam
947 2987 1126 3063 presentem
1145 2980 1283 3043 litteram
1300 2979 1407 3061 sigillo
1427 2980 1526 3044 nostri
1536 2986 1709 3045 conventus

400 3067 548 3132 duximus
584 3067 801 3148 sigillandum.
854 3068 967 3133 Testes
1001 3069 1095 3135 huius
1129 3074 1217 3133 suut:
1250 3068 1397 3133 dominus
1435 3066 1628 3133 Guncelinus
1667 3068 1709 3135 dc

403 3155 615 3236 Berwinkele,
626 3154 968 3223 dominusFrederieus
978 3158 1018 3223 de
1029 3157 1151 3234 Raude,
1160 3156 1278 3221 milites
1288 3177 1295 3237 ;
1306 3154 1503 3235 Fredericus,
1518 3155 1709 3239 Stephanus,

403 3245 570 3329 Wolters,
590 3252 696 3312 nostre
719 3246 853 3311 ecclesie
874 3246 996 3326 tratres,
1017 3246 1125 3312 etalii
1148 3245 1351 3329 quamplures
1370 3242 1533 3327 fidedigni.

481 3334 601 3400 Datum
621 3354 705 3400 anno
726 3334 846 3400 domini
866 3336 913 3400 M⁰
915 3335 1006 3401 0000
1008 3335 1096 3415 X110,
1116 3336 1150 3399 in
1172 3333 1285 3415 vigilia
1304 3331 1456 3397 lobannis
1477 3330 1648 3415 [baptistle.

476 3460 583 3516 Uraebr.
598 3462 687 3520 Wcm
723 3462 778 3516 Die
793 3478 896 3531 paneae
912 3461 1100 3530 Βσᾶἄηᾶἄᾶρ
1115 3459 1163 3514 ἄιε
1179 3458 1387 3539 Jobonfidapcs
1409 3457 1554 3527 isttoepen
1576 3456 1622 3511 des
1642 3472 1705 3511 ἄησ-

399 3532 661 3601 ρσίτσεᾶσησᾶΡσνρη
660 3538 745 3586 mente
754 3532 830 3586 aiebt
847 3531 921 3586 ἄσην
938 3549 973 3585 ἄη
990 3532 1132 3597 σηᾶσηᾶση,
1151 3529 1289 3599 docuere
1290 3528 1392 3581 tmcbt
1409 3544 1465 3581 ἄηᾶ
1466 3472 1707 3597 dteBerealrmmp

402 3600 447 3655 ἄση
465 3602 598 3668 Mamm,
622 3602 686 3655 does
707 3603 826 3671 baptiste
846 3600 941 3667 ἄηηᾶ,
964 3600 1081 3655 eoadem
1102 3599 1158 3654 dies
1181 3600 1229 3653 bot
1249 3546 1323 3653 oucb
1346 3598 1403 3652 σι’ἄσ
1425 3599 1507 3652 c'tltere
1524 3544 1707 3663 Abscbrr'ttea·

402 3673 556 3741 summlunp
573 3672 600 3727 S.
617 3676 677 3726 411.
713 3672 775 3727 Dos
791 3641 1027 3726 bruclwtrtcbwerbe
1043 3671 1177 3725 erboltem
1195 3668 1438 3737 benammiepele.
1460 3668 1519 3735 Tul.
1535 3666 1578 3738 II,
1596 3668 1647 3722 Nr.
1660 3670 1705 3724 21.

472 3775 500 3845 1)
525 3774 602 3831 ore..-
619 3776 706 3833 enine

405 3897 512 3981 1313.
540 3898 791 4000 September
808 3896 872 3979 29.
1638 3894 1706 3978 59.

500 4034 675 4098 Βᾶνᾶιᾶνᾶ
700 4034 756 4099 der
779 4034 889 4115 Lonye
916 4054 975 4097 ooo
1003 4033 1058 4097 der
1082 4032 1242 4112 Assem
1268 4030 1333 4113 plot
1359 4030 1427 4094 ἄσηη
1451 4048 1553 4095 neuen
1574 4028 1707 4097 Kloster

461 4181 480 4223 χ
500 4150 543 4196 ao
570 4130 723 4197 Wotcrler
743 4132 802 4197 des
821 4130 1012 4214 libesticum
1032 4130 1118 4195 σίἄσν
1137 4128 1228 4211 Hele
1250 4128 1284 4193 ἰᾶ
1305 4126 1418 4209 Odorp.

478 4255 517 4320 In
536 4256 664 4322 nomine
684 4255 805 4321 domini
826 4272 929 4320 amen.
970 4254 1038 4319 Nos
1056 4250 1256 4318 Borehsrdus
1277 4251 1368 4316 miles
1387 4250 1516 4332 Longus
1540 4250 1644 4317 dictus
1664 4252 1707 4318 dc

400 4344 579 4410 dsseboreh
604 4364 644 4411 ae
661 4352 770 4411 nostra
789 4344 921 4428 Sophya
948 4343 1093 4425 legitima
1116 4341 1298 4407 omuibus
1289 4362 1322 4406 m
1349 4344 1535 4424 perpetuum
1562 4340 1704 4403 salutem.

402 4432 446 4503 Ut
471 4432 594 4504 caduce
618 4440 651 4503 et
676 4434 859 4503 transitoria
885 4438 1079 4508 sternentur,
1103 4428 1253 4497 convenit
1277 4448 1316 4494 ea
1344 4428 1498 4512 scripture
1525 4426 1705 4493 testimonio
