4459 5167
510 344 564 400 212
763 342 1048 399 Cistereienserinnen-
1066 340 1280 411 (Heiligenblnb)
1297 338 1405 396 Klester
1422 334 1568 397 Watarler.

516 529 636 613 1300.
662 527 921 612 0616116127.
1754 524 1820 608 24.

613 663 776 742 Heiaridt,
799 662 886 743 crat
905 682 965 727 con
984 662 1222 745 Bloulrenburp,
1247 663 1313 745 publ
1333 663 1402 727 11661
1423 660 1555 725 Kloster
1583 660 1736 727 Wetcrler
1756 662 1824 725 6166

613 763 725 845 tntber
750 781 809 826 oon
828 760 954 826 Jordan
973 781 1001 824 6.
1022 762 1087 824 Ler
1112 782 1155 827 eu
1176 762 1264 825 Ldtu
1289 760 1415 841 peltebtc
1435 759 1526 840 Huic
1551 778 1592 824 eu
1613 758 1734 822 Hester
1752 758 1822 822 arrd

614 862 705 925 61666
723 858 819 926 Wate
837 877 880 924 ru
894 857 1055 924 Weterler.

594 992 753 1079 Hynricns
779 992 833 1057 dei
861 991 967 1075 gratia
999 1011 1105 1058 eomes
1139 992 1171 1056 in
1205 990 1452 1074 Blauckenburg
1483 996 1591 1057 tenore
1625 991 1822 1075 presencium

513 1084 766 1167 recognoscimus
785 1081 912 1165 publice
939 1087 1167 1166 protestantes,
1194 1081 1278 1164 quod
1305 1100 1363 1147 nos
1387 1079 1428 1145 de
1455 1100 1610 1147 consensu
1638 1079 1696 1145 filii
1723 1080 1821 1145 nostri

513 1173 638 1240 comitis
658 1171 821 1257 Hy(nriei)
842 1188 939 1234 unum
959 1190 1104 1235 mansum
1126 1171 1220 1235 situm
1243 1171 1274 1233 in
1296 1169 1375 1235 villa
1393 1168 1532 1245 lluslere,
1554 1189 1647 1253 quem
1667 1168 1823 1234 londanus

513 1263 618 1328 dietus
636 1261 677 1327 de
698 1261 776 1326 Lere
798 1279 818 1323 a
839 1258 932 1323 nobis
954 1260 1055 1324 tenuit
1075 1259 1107 1323 in
1122 1258 1248 1343 pheodo
1263 1266 1295 1323 61
1312 1258 1354 1324 ad
1373 1278 1485 1323 manus
1498 1266 1623 1323 nostras
1636 1256 1821 1339 resignavit,

513 1370 583 1416 cum
604 1369 669 1415 una
689 1350 773 1414 silva
793 1367 855 1430 que
875 1346 1003 1413 adiacet
1027 1348 1104 1413 ville
1124 1348 1299 1413 Wuterlere
1326 1366 1396 1412 enm
1421 1348 1507 1412 omni
1535 1348 1603 1413 inre
1631 1346 1664 1411 in
1692 1346 1822 1431 pascuis

513 1448 545 1506 et
573 1441 607 1505 in
627 1438 717 1505 silvis
749 1436 885 1503 claustro
919 1438 1003 1501 sacri
1031 1437 1208 1519 sagwinisl
1234 1436 1350 1503 Christi
1378 1438 1411 1501 in
1438 1436 1608 1502 Waterlere
1634 1435 1823 1501 contulimus

512 1536 664 1615 perpetuo
685 1526 921 1612 possidendum.
963 1526 1065 1611 Super
1090 1527 1205 1609 quibus
1231 1547 1271 1592 ne
1297 1525 1428 1591 dubium
1455 1526 1488 1590 in
1513 1532 1673 1611 posterum
1693 1523 1822 1598 oriatur,

513 1625 691 1705 presentem
711 1617 848 1681 litteram
870 1615 987 1697 sigillis
1007 1622 1112 1681 nostro
1134 1622 1165 1681 et
1184 1616 1262 1681 dicti
1288 1615 1346 1679 filii
1374 1616 1473 1681 nostri
1500 1614 1659 1699 prelibato
1685 1612 1822 1678 elaustro

512 1706 658 1772 dedimus
678 1704 721 1769 ad
743 1704 908 1770 cautelam.
949 1704 1052 1770 Huius
1073 1705 1255 1769 donationis
1276 1710 1374 1769 testes
1395 1710 1480 1769 sunt:
1510 1701 1704 1769 honorabilis
1724 1701 1822 1767 frater

410 1862 415 1868 ,
513 1802 619 1861 666161
641 1793 805 1871 Slitiidns)
826 1792 967 1858 decanus
987 1793 1275 1876 Halberstadensis‚
1296 1792 1494 1858 Hermannns
1514 1800 1547 1857 et
1564 1792 1722 1857 Iohannes
1743 1790 1822 1857 dicti

513 1886 554 1950 de
583 1884 785 1964 Bodendike,
812 1883 977 1949 Conradus
1004 1884 1106 1964 lrcus,
1133 1883 1298 1949 Corradus
1325 1883 1367 1947 de
1394 1882 1560 1966 Eylsleve,
1589 1880 1753 1946 Conradns
1780 1880 1821 1946 de

512 1974 604 2051 Dale,
626 1972 815 2037 Frederieus
825 1979 857 2036 et
867 1972 1026 2038 lohannes
1045 1973 1159 2039 fratres
1174 1973 1252 2037 dicti
1263 1973 1422 2053 Frisones,
1443 1972 1570 2053 milites,
1592 1978 1624 2036 et
1643 1971 1700 2035 alii
1714 1989 1822 2053 qnam·

512 2063 619 2147 plures
637 2061 800 2144 lidedigni.

593 2151 707 2215 Actum
729 2158 760 2215 et
779 2149 889 2217 datum
909 2172 993 2217 anno
1014 2150 1134 2217 domini
1148 2150 1352 2232 M⁰CCC⁰,·in
1366 2151 1481 2233 vigilia
1498 2156 1677 2216 sanctorum
1696 2154 1822 2232 aposto·

513 2242 613 2305 lorum
637 2240 786 2325 Symonis
807 2246 839 2305 et
860 2241 948 2306 lude.

589 2374 695 2430 Uraebr.
705 2375 812 2445 estre.
830 2376 896 2430 Nur
908 2375 959 2430 das
970 2375 1158 2447 6161616011ρά
1166 2377 1202 2432 ist
1215 2376 1310 2432 11161116.
1325 2376 1452 2431 auctae
1476 2374 1532 2445 Vpl.
1546 2374 1604 2442 Tel.
1620 2372 1821 2441 71161666.

584 2480 611 2551 l)
630 2480 668 2534 16
684 2479 732 2535 der
754 2480 818 2535 Ure.
837 2481 978 2550 saguntinis.

514 2670 633 2757 1300.
658 2671 899 2756 November
914 2673 975 2757 lb.
1001 2674 1270 2773 Wegeleben.
1756 2672 1820 2756 21).

614 2824 791 2903 Hermann,
811 2823 944 2908 Biscbot
964 2846 1023 2891 666
1045 2826 1257 2905 Halberstndt,
1284 2827 1349 2907 91111
1371 2827 1431 2891 dcc
1452 2828 1577 2909 Grates
1596 2847 1637 2893 eu
1659 2826 1821 2891 Blacher-

615 2924 694 3004 bap
714 2924 784 2987 und
804 2924 990 3005 Repeustcic
1009 2944 1051 2989 au
1073 2924 1220 2989 (1666166
1239 2926 1293 2989 des
1308 2924 1451 2989 Klostcrs
1474 2925 1626 2991 Wctcrlcr
1646 2926 1698 2990 die
1716 2925 1822 2989 nem

613 3022 690 3085 uber
728 3022 812 3104 stuf
839 3022 953 3103 Hufen
980 3022 1050 3085 und
1083 3022 1185 3086 siebcu
1212 3022 1383 3105 Hctstellen
1413 3042 1454 3089 eu
1490 3024 1651 3101 1761116161,
1683 3023 1730 3087 bis
1762 3022 1822 3086 1166

615 3119 748 3183 Kloster
768 3120 829 3183 des
848 3119 1129 3200 Lebuscipeutbum
1150 3139 1209 3184 oon
1231 3120 1293 3185 ibm
1314 3122 1467 3185 erwerbeu
1484 3121 1584 3185 beben
1603 3122 1719 3185 witrde.

593 3252 793 3319 Hermannus
813 3252 867 3319 dei
887 3252 993 3336 gratia
1012 3252 1294 3321 Halberstadensis
1314 3254 1448 3321 ecclesie
1468 3256 1637 3342 episeopus
1661 3254 1822 3321 nubilibus

515 3343 593 3409 viris
613 3342 743 3409 Hinrieo
765 3341 806 3408 de
826 3341 1071 3408 Blankenboreh
1090 3348 1122 3408 et
1142 3342 1272 3409 Hinrieo
1297 3343 1338 3409 de
1358 3344 1538 3427 Regensteu
1565 3344 1733 3411 comitibus
1758 3344 1821 3409 sibi

514 3432 697 3518 predileetis
718 3434 853 3497 salutem
874 3451 945 3497 eum
964 3430 1080 3498 affeetu
1094 3432 1307 3499 sincerissimo
1328 3440 1361 3499 et
1380 3436 1498 3500 lavore.
1524 3434 1701 3499 Dileceioni
1717 3440 1823 3499 vestre

513 3523 556 3587 ad
567 3541 680 3588 manus
690 3520 978 3587 sanctimonialium
992 3522 1076 3587 sacri
1089 3523 1257 3604 sanguinis
1268 3522 1386 3587 Christi
1400 3522 1433 3586 in
1445 3522 1619 3589 Waterlere
1632 3520 1821 3588 conferimus

513 3632 571 3696 per
592 3618 755 3696 presentes
775 3610 915 3693 quinque
935 3630 1063 3676 mansos
1083 3617 1115 3676 et
1135 3616 1257 3694 septem
1275 3630 1368 3677 areas
1389 3612 1421 3676 in
1441 3610 1564 3677 Veltem
1585 3630 1655 3677 eum
1676 3610 1822 3677 omnibus

513 3700 713 3786 pertinentiis
736 3706 802 3763 tam
828 3698 862 3763 in
886 3697 978 3765 silvis
1001 3719 1096 3781 quam
1124 3700 1157 3764 in
1183 3700 1311 3783 pascuis
1338 3701 1523 3777 eorundem,
1549 3718 1712 3783 quousque
1737 3699 1822 3765 dicte

515 3787 772 3854 sanctimoniales
800 3786 851 3852 vel
871 3794 1089 3869 procuratores
1110 3788 1291 3854 earumdem
1312 3789 1538 3873 proprietatem
1560 3789 1714 3854 dictorum
1735 3809 1822 3853 man-

514 3897 618 3942 sorum
638 3896 677 3941 ae
695 3877 833 3941 omnium
855 3876 1077 3958 pertinentium
1096 3877 1139 3942 ad
1161 3877 1288 3943 eosdem
1305 3878 1433 3943 anobis
1448 3884 1480 3943 et
1496 3898 1517 3943 a
1533 3877 1672 3960 capitulo
1687 3878 1822 3943 ecclesie

512 3974 618 4031 nostre
638 3964 918 4031 Helberstadensis
938 3973 1085 4049 poterunt
1106 3967 1249 4049 legitime
1275 3968 1455 4051 impetrare.
1496 3968 1533 4033 ln
1553 3968 1642 4033 cuius
1663 3968 1707 4033 rei
1735 3969 1822 4033 testi·

513 4056 653 4122 monium
675 4060 839 4139 presentes
858 4055 981 4122 litteras
994 4062 1101 4121 nostro
1116 4057 1223 4138 sigillo
1238 4056 1330 4122 vobis
1351 4058 1592 4123 transmittimus
1603 4058 1820 4123 communitas.

596 4144 714 4209 Datum
732 4144 941 4227 Wegenleve,
962 4164 1046 4210 anno
1067 4145 1188 4209 domini
1208 4144 1357 4227 ll⁰CCC⁰,
1377 4146 1458 4212 feria
1478 4154 1591 4229 quarta
1611 4152 1683 4233 post
1707 4147 1820 4211 1661661

513 4234 600 4300 beati
621 4233 759 4313 Martini,
780 4232 982 4318 pontificatus
1002 4233 1102 4299 nostri
1124 4252 1207 4300 anno
1227 4233 1345 4316 quinto.

589 4368 693 4425 Ursebr.
711 4369 768 4437 arcs
784 4368 949 4439 Perpomcrrt.
986 4368 1047 4423 Due
1062 4370 1133 4439 petbc
1155 4368 1331 4439 Wacbesiepcl
1347 4368 1384 4424 161
1401 4369 1469 4424 uoeb
1486 4386 1537 4424 zur
1555 4369 1651 4438 Hdllte
1667 4370 1795 4425 erbalten.
