4459 5167
825 363 873 419 Νι.
891 365 993 420 8-10.
1013 383 1036 421 a
1058 367 1160 420 1288-
1173 367 1247 421 1292.
1270 359 1287 380 ⁰
1634 365 1687 418 233

377 515 483 582 sancti
502 513 610 581 lacobi
628 513 852 588 inWaterlerc‚
872 513 1173 596 Alvenstedensisd)
1185 515 1332 598 diocesis,
1353 515 1500 598 congruis
1517 513 1690 581 honoribus

376 609 608 690 frequentetur,
636 605 782 669 omnibus
814 624 889 670 vere
915 605 1131 690 penitentibus
1158 613 1189 672 et
1217 605 1384 685 confessis,
1414 605 1468 687 qui
1499 604 1541 669 ad
1568 603 1687 670 dictam

377 696 549 761 ecelesiam
570 713 667 759 causa
687 693 871 759 devocionis
890 695 1082 760 accesserint
1103 697 1135 760 in
1158 695 1223 760 illis
1243 695 1357 761 diebus
1377 695 1492 777 quihus
1512 693 1689 760 ostenditur

378 785 514 868 sanguis
540 783 657 849 Christi
684 783 738 865 qui
765 789 814 848 est
841 783 961 849 ibidem
989 791 1021 849 et
1049 784 1081 849 in
1110 784 1245 866 singulis
1273 784 1363 850 lestis
1388 784 1524 866 gloriose
1553 783 1688 865 virginis

378 875 492 955 blarie,
509 874 611 938 sancti
632 873 784 938 Iohannis
805 873 954 958 baptiste,
976 873 1078 938 sancti
1099 873 1250 940 lobannis
1272 874 1478 956 ewangeliste
1500 881 1532 938 et
1553 875 1585 938 in
1607 874 1688 939 l'esto

379 965 483 1030 saneti
503 963 612 1029 Iacobi
631 963 775 1044 maioris,
801 970 857 1029 aut
877 963 931 1045 qui
951 983 1064 1029 manus
1085 963 1258 1029 adiutriees
1278 962 1363 1029 dicte
1389 962 1522 1030 ecclesie
1543 982 1688 1048 porrexe-

380 1057 454 1136 rint,
474 1055 527 1120 vcl
547 1055 580 1118 in
602 1055 751 1119 extremis
772 1053 954 1119 laborantes
974 1053 1142 1136 quicquam
1156 1053 1339 1118 facultatum
1357 1071 1483 1118 suarum
1500 1051 1689 1134 legaverint,

380 1164 438 1208 nos
473 1141 514 1208 de
546 1141 771 1227 omnipotentis
801 1142 854 1208 dei
889 1143 1106 1210 misericordia
1143 1149 1174 1209 ct
1212 1143 1374 1208 beatomm
1408 1141 1491 1206 Petri
1531 1149 1563 1207 ct
1596 1140 1688 1205 Pauli

380 1234 594 1320 apostolomm
615 1233 805 1300 auctoritate
825 1232 933 1299 conlisi
955 1234 1073 1316 singuli
1094 1233 1239 1318 singulas
1261 1233 1382 1298 dierum
1404 1232 1628 1316 quadragenas
1648 1229 1689 1294 de

382 1323 534 1388 iniunctis
565 1323 628 1388 sibi
659 1323 849 1407 penitenciis
886 1343 956 1389 com
989 1343 1143 1390 consensu
1177 1322 1340 1389 diocesani
1373 1321 1618 1387 misericorditer
1655 1319 1688 1385 iu

380 1413 509 1478 domino
526 1413 713 1478 relaxamus.
746 1413 782 1476 ln
804 1413 893 1478 cuius
914 1413 960 1478 rei
980 1413 1193 1479 testimonium
1206 1432 1335 1496 presens
1346 1411 1497 1498 scripturn
1514 1410 1689 1494 sigillorum

381 1509 558 1568 nostrorum
579 1501 753 1566 nunninrine
775 1501 921 1566 duximus
946 1501 1165 1568 roborandum.

463 1591 580 1656 Datum
606 1591 713 1671 Rome,
733 1612 817 1658 anno
838 1591 958 1657 domini
975 1591 1326 1674 ll⁰CC⁰erXX⁰Vlll⁰,
1347 1589 1548 1676 pontificatus
1568 1587 1688 1654 domini

382 1682 529 1748 Niebolai
552 1701 635 1766 pupc
657 1681 742 1746 llll*i
764 1702 847 1747 anno
868 1681 978 1764 primo.

458 1808 564 1862 lirocbr.
589 1808 678 1860 Weru.
714 1807 768 1862 Die
786 1825 825 1860 ort
842 1807 917 1860 rotb—
939 1807 998 1860 usrd
1016 1807 1195 1876 ralbseirleueu
1215 1807 1356 1862 monerer
1373 1809 1526 1878 unpdtdnpt
1540 1826 1690 1878 prueaeueu

382 1881 466 1948 Siepel
489 1879 551 1933 siud
574 1879 648 1932 nido
671 1879 743 1931 trecht·
768 1877 927 1932 unicordem.
963 1877 1017 1932 Dic
1039 1877 1149 1930 Numen
1173 1877 1220 1930 der
1239 1879 1386 1932 Armsteller
1409 1877 1472 1932 sirtd
1494 1895 1532 1932 art
1553 1879 1605 1934 dm
1625 1880 1696 1933 betr.

383 1951 480 2005 Stelleu
497 1949 542 2002 der
564 1949 745 2017 Pergamenis,
763 1965 803 2001 cco
821 1947 864 2001 die
882 1948 965 2016 Siepel
982 1949 1099 2016 betealipt
1118 1965 1222 2014 morea,
1243 1965 1292 2001 rur·
1311 1948 1369 2002 Vaer't
1387 1947 1434 2002 der
1451 1947 1626 2018 Ausstcllung
1643 1949 1691 2004 der

389 2021 517 2076 l'rlstrrde
527 2021 682 2088 amacha:
703 2019 872 2074 Theoctistus
885 2019 1103 2087 archiepiscopus.
1123 2018 1290 2072 lohannieius
1303 2019 1514 2090 archiepiscopus
1523 2021 1689 2076 blolrieensis.

384 2093 494 2146 Maurus
506 2090 672 2144 Ameliensis
688 2090 834 2144 lituardus
840 2089 993 2157 Nepesinis.
1006 2089 1162 2144 l'rauciscus
1173 2089 1384 2144 Tarraconensis.
1399 2091 1533 2146 Romanus
1542 2091 1689 2146 trebensis.

383 2163 575 2218 dide-brandus
593 2161 723 2214 Perronus
740 2159 902 2215 Lurirrcncis.

456 2251 484 2318 l)
501 2251 608 2305 Staberi.

385 2446 485 2528 1289
513 2465 592 2525 nur
618 2444 697 2524 See
721 2442 793 2524 bct
822 2441 1005 2542 cypero.
1650 2445 1689 2525 9.

484 2589 613 2654 ‚Ichana
633 2587 771 2669 archiep.
793 2587 1018 2670 blagyncensis
1037 2585 1102 2666 prbr
1114 2585 1223 2662 dccco,
1246 2587 1354 2650 adda
1375 2587 1426 2650 dia
1440 2585 1692 2654 &Jocohstr'rrne

486 2694 520 2754 iu
540 2691 692 2755 Woterler
711 2694 932 2766 oromatum,
954 2689 1044 2752 citrea
1064 2685 1303 2770 vicrur'ptdgipcrr
1325 2685 1448 2750 Abloss.

464 2819 622 2883 lohannes
641 2817 752 2880 divina
768 2816 874 2898 gratia
885 2815 1109 2897 Magyncensis
1130 2812 1390 2896 archiepiscopus
1406 2811 1563 2876 universis
1574 2809 1696 2876 Christi·

385 2909 532 2976 fidelibus
553 2929 664 2993 pacem
690 2909 723 2971 in
751 2906 879 2970 domino
906 2913 937 2969 et
963 2904 1105 2969 salutem.
1148 2903 1235 2968 Solet
1262 2921 1402 2966 annuere
1430 2907 1531 2964 mater
1558 2899 1692 2965 ecclesia

386 3001 449 3084 piis
469 2999 676 3084 petitionibus
697 3017 736 3061 ac
757 2997 896 3061 levorem
919 2995 1100 3059 benivolum
1121 2993 1285 3076 impertiri.
1329 2991 1514 3075 Eapropter·,
1532 2987 1641 3053 dilecti
1660 2989 1691 3051 in

386 3090 526 3162 Christo,
556 3086 757 3153 devotionem
793 3093 930 3150 vestram
965 3083 1100 3150 sollicite
1144 3083 1346 3147 exhortantes
1379 3099 1527 3162 rogamus
1562 3083 1693 3159 attente,

385 3179 534 3261 quatinus
565 3179 597 3242 in
637 3176 862 3242 relevationem
894 3174 1027 3240 ecclesie
1064 3174 1150 3239 beati
1184 3171 1289 3237 lacobi
1323 3169 1363 3234 dc
1392 3168 1548 3234 Vatirlerc
1581 3186 1692 3230 manus

386 3276 509 3332 vestras
531 3267 576 3332 ita
595 3264 793 3348 dingnemini
816 3265 977 3348 porrigere
999 3262 1181 3341 adiutriees,
1204 3269 1238 3324 ut
1257 3262 1289 3324 in
1305 3258 1445 3345 presenti
1461 3273 1575 3321 munus
1591 3255 1693 3336 gratie

386 3366 417 3422 ct
436 3359 470 3421 in
485 3358 588 3422 tuturo
608 3363 716 3420 vestra
731 3354 859 3418 devotio
876 3361 1016 3418 eternam
1033 3352 1133 3416 vitam
1150 3349 1299 3431 consequi
1314 3354 1477 3414 mereatur.
1506 3345 1573 3410 Nos
1588 3351 1692 3408 autem

386 3448 426 3512 de
453 3445 679 3530 omnipotentis
704 3444 757 3508 dei
784 3463 822 3507 ac
849 3444 1009 3508 beatorum
1039 3441 1252 3524 apostolorum
1281 3440 1350 3504 eius
1376 3436 1460 3504 Petri
1487 3443 1518 3500 et
1544 3433 1633 3498 Pauli
1661 3441 1693 3498 et

387 3538 525 3601 omnium
547 3542 727 3599 sanctorum
749 3533 890 3598 bonitate
917 3531 1027 3597 confisi
1053 3530 1199 3596 omnibus
1228 3550 1302 3595 vere
1328 3526 1543 3612 penitentibus
1568 3533 1601 3592 et
1621 3545 1692 3590 ocn-

387 3627 493 3709 lessis,
521 3626 575 3708 qui
597 3625 637 3690 ob
659 3624 710 3688 dei
732 3624 941 3688 reverentiam
968 3621 1090 3706 pretate
1116 3620 1251 3685 ecclesie
1272 3621 1304 3684 in
1328 3618 1465 3702 propriis
1485 3617 1628 3702 personis
1655 3635 1693 3679 uc

387 3717 479 3780 rebus
500 3713 616 3778 devote
637 3720 668 3777 et
688 3713 825 3778 fideliter
843 3712 1082 3790 ministrabunt,
1107 3709 1147 3773 de
1174 3710 1316 3774 iniuncta
1342 3709 1403 3774 sibi
1431 3707 1607 3792 penitentia
1628 3725 1693 3770 om-

388 3807 473 3870 niurn
495 3812 695 3888 peccatorum
720 3803 779 3866 Xh
801 3802 921 3867 dicrum
943 3799 1176 3883 indulgentiam
1194 3807 1258 3863 tarn
1280 3800 1393 3862 devote
1409 3817 1504 3880 quarn
1521 3797 1694 3862 liberaliter

388 3894 564 3976 elargimur.

466 3984 584 4048 Datum
595 3983 628 4046 in
639 3983 715 4046 navi
724 3981 1168 4067 supramareiuxtaCyprum,
1178 3975 1691 4043 annodomrniuoocuxxxlx.

462 4101 568 4155 Uracbr.
588 4100 663 4169 Perp.
688 4100 776 4155 Werra
813 4098 897 4167 Sicpcl
915 4098 991 4152 nicht
1007 4097 1081 4150 melu
1098 4095 1258 4150 verbanden.

914 4281 1163 4288 ———

388 4315 499 4398 1292.
527 4311 652 4413 April
673 4311 734 4392 27.
1628 4305 1692 4386 lb.

487 4446 656 4525 trama,
687 4446 775 4526 Grai
800 4464 842 4510 au
867 4444 1109 4525 Bersabora,
1143 4444 1289 4525 cmhorrtt
1319 4463 1363 4506 ou
1392 4443 1466 4508 awci
1493 4387 1621 4523 Btlrpcr
1651 4459 1693 4504 ru

490 4543 606 4616 eaor
636 4545 685 4611 als
713 4542 943 4610 Gesommtlcim
975 4545 1053 4629 siut
1076 4542 1191 4630 Hutcu
1220 4544 1290 4612 und
1316 4542 1418 4608 sichen
1446 4539 1620 4627 Hotstcllen
1648 4539 1693 4604 im
