4459 5167
866 372 912 431 Nr.
931 376 955 431 l.
975 379 999 432 5.
1016 396 1039 432 a.
1062 376 1137 431 l‘db'i.
1154 380 1227 432 1258.
1623 426 1627 434 ,
1666 382 1701 433 nu

397 522 520 605 Coherg
550 524 722 609 vulgariter
754 527 934 609 aprprollatur
961 546 1030 589 eum
1059 526 1181 609 carupis
1206 528 1415 592 attinentibus
1442 530 1484 593 ad
1510 528 1644 593 eundem
1669 530 1700 592 iu

397 632 509 676 manus
539 622 663 677 nostras
695 613 794 679 libere
830 614 1058 695 resignasscut,
1092 616 1273 695 petivemnt
1306 636 1327 679 a
1357 618 1448 680 notris
1478 616 1637 682 humiliter
1669 623 1701 681 et

396 700 527 781 devote,
554 712 588 765 ut
616 722 673 785 per
701 712 838 765 montom
861 709 892 764 ct
914 722 1043 783 eaurpos
1065 704 1224 783 predictus
1244 704 1448 785 dignaremur
1469 704 1580 769 dotare
1599 706 1702 769 altare

397 791 521 855 novelle
559 789 788 875 plantacionis,
829 811 890 873 que
920 792 1016 856 Porta
1046 792 1113 857 Celi
1147 791 1277 872 dieitur,
1318 793 1373 857 uhi
1405 796 1519 860 fratres
1550 794 1701 860 heremite

394 880 516 945 ordinis
552 880 654 944 saneti
687 879 857 961 Augustini
889 880 1073 963 primarium
1104 880 1246 963 lapidem
1278 890 1458 965 posuerunt.
1520 883 1589 947 Nos
1626 904 1702 947 uero

396 978 534 1033 montem
555 977 587 1033 et
603 989 732 1051 campos
749 968 887 1051 prefatos
908 976 1053 1035 tenentes
1075 970 1191 1035 liberos
1211 978 1244 1036 et
1262 973 1389 1051 solutos,
1407 979 1472 1037 turn
1488 972 1700 1056 predictomm

393 1058 529 1122 militum
541 1059 731 1140 lratmmque
742 1078 867 1123 sumum
883 1059 1029 1141 precibus
1041 1067 1226 1139 annuentes,
1243 1067 1308 1124 tum
1320 1062 1451 1125 fratrum
1468 1062 1702 1141 heremitarum,

393 1148 613 1229 religiosorum
650 1149 786 1212 virorum
827 1147 918 1213 nobis
950 1148 1058 1229 utiquc
1086 1149 1270 1213 dilecturum
1301 1149 1334 1213 in
1363 1150 1438 1230 deo,
1474 1150 1701 1214 devocionibus

393 1236 557 1314 inclinati,
579 1236 662 1299 bona
684 1236 827 1319 predicta
848 1256 917 1301 eum
940 1256 977 1301 co
998 1237 1078 1317 iure,
1099 1257 1161 1318 quo
1182 1238 1398 1301 'llrerulenicus
1418 1240 1523 1302 senior
1542 1239 1634 1303 miles
1659 1238 1701 1303 de

394 1323 624 1405 Hartsingerod
646 1344 685 1395 ea
706 1325 909 1408 possederat,
932 1328 1052 1408 pretate
1074 1327 1198 1391 novello
1219 1328 1414 1409 plantacioni
1437 1328 1585 1392 uidelicet
1605 1329 1700 1392 l'orte

394 1412 463 1477 Celi
484 1413 525 1477 ob
547 1414 615 1478 eius
636 1416 843 1478 reverentiam
865 1424 897 1478 ot
919 1413 1076 1495 honorem,
1099 1435 1194 1497 quiam
1208 1416 1291 1481 tilius
1308 1417 1405 1479 nichil
1423 1436 1545 1498 negans
1558 1418 1699 1498 honorat,

393 1504 585 1567 contulimus
620 1510 771 1586 perpetuo
801 1503 1008 1587 possidenda,
1038 1504 1186 1567 dotantes
1217 1504 1440 1569 nichilominus
1472 1526 1541 1569 cum
1580 1505 1700 1569 eisdem

392 1590 511 1669 altare,
537 1591 620 1672 qnod
647 1592 678 1655 in
709 1592 856 1656 honorem
885 1592 937 1655 dei
964 1600 996 1655 et
1023 1593 1076 1675 pic
1104 1594 1215 1657 matris
1235 1594 1305 1657 eius
1334 1593 1425 1657 beate
1445 1594 1581 1675 uirginis
1600 1595 1701 1659 blarie

393 1679 515 1745 ibidem
542 1679 709 1744 undecimo
730 1680 884 1745 kalendas
905 1681 981 1744 Maii
1004 1682 1237 1759 dedicavimus,
1266 1690 1456 1765 eorrpcrautc
1478 1683 1570 1746 uobis
1589 1684 1701 1764 gracia

393 1768 526 1851 spiritus
553 1768 755 1851 septil'onuis.
798 1770 898 1833 Huius
916 1770 961 1833 rei
991 1776 1088 1833 testes
1117 1778 1207 1833 snut:
1237 1770 1402 1833 ltcrtoldns
1428 1770 1467 1833 dc
1487 1770 1700 1849 Clettenberg,

392 1863 501 1919 nostre
515 1855 644 1920 maioris
662 1858 794 1921 ecclesie
811 1860 982 1923 canonicus
996 1866 1027 1923 et
1040 1857 1282 1922 archidiaconus
1305 1858 1336 1922 in
1352 1859 1527 1938 l'ttesleve,
1548 1859 1701 1940 magister

392 1944 561 2009 Riobertus
581 1953 613 2007 et
633 1946 787 2011 Hemicus
805 1948 845 2011 de
869 1946 1109 2029 Hartsingerod,
1132 1948 1278 2012 canonici
1305 1953 1415 2011 sancte
1434 1947 1549 2026 blarie;
1575 1946 1700 2013 Olrious

393 2052 500 2098 comes
528 2033 567 2097 de
592 2034 793 2117 Regensten‚
816 2036 1023 2101 Gevehardus
1050 2043 1082 2099 et
1108 2036 1272 2101 Comedus
1293 2036 1376 2101 tilius
1399 2037 1482 2117 cius,
1508 2036 1638 2100 comites
1659 2033 1700 2100 de

394 2122 641 2204 Werningerod;
666 2125 889 2190 ministeriales
918 2144 994 2190 vero
1020 2125 1176 2189 Honricus
1202 2125 1243 2189 dc
1260 2125 1468 2208 Aspeustide,
1494 2122 1631 2188 Siliidus
1658 2124 1700 2189 de

393 2210 566 2291 hlinsleve,
592 2212 751 2277 Amoldus
776 2214 816 2278 de
842 2214 947 2285 Beris,
977 2213 1158 2278 llridericus
1184 2212 1225 2277 de
1253 2216 1423 2293 Schowen,
1452 2212 1632 2276 Everardus
1659 2212 1700 2277 de

393 2300 586 2375 lerkessenr‚
615 2301 825 2383 Engelbertus
850 2301 891 2365 dc
917 2301 1124 2379 Locbtenem,
1153 2302 1278 2366 Olricus
1298 2302 1339 2366 de
1359 2302 1520 2383 Dnngem,
1542 2300 1701 2365 lohannes

394 2395 424 2453 et
445 2388 631 2454 Tithmarus
652 2388 692 2454 de
714 2390 869 2472 Tsillinge
890 2390 1022 2471 milites,
1043 2397 1074 2455 et
1095 2390 1151 2455 alii
1173 2392 1403 2473 quamplures.

475 2479 557 2543 Acta
578 2484 650 2544 sunt
668 2479 727 2544 hee
747 2499 830 2544 anno
854 2479 974 2544 domini
995 2479 1220 2544 M⁰CC⁰LVII⁰.

476 2566 517 2631 Et
549 2586 589 2633 ne
624 2568 769 2650 cuiqnam
801 2588 896 2651 super
927 2567 989 2633 biis
1018 2568 1120 2651 possit
1150 2569 1183 2633 iu
1213 2574 1371 2651 posterum
1395 2567 1525 2633 dubium
1553 2568 1698 2649 suboriri,

393 2660 575 2739 presentem
605 2657 757 2739 pagiuam
790 2656 865 2723 inde
896 2657 1053 2722 conscribi
1088 2656 1221 2722 lecimus
1259 2656 1358 2737 sigilli
1390 2658 1488 2721 nostri
1527 2656 1699 2721 munimine

394 2745 590 2824 roboratam,
621 2746 680 2809 sub
707 2746 961 2810 interminatione
986 2746 1199 2810 anathematis
1225 2746 1400 2811 districtius
1427 2745 1624 2825 inhibentes,
1658 2764 1700 2811 ne

394 2834 465 2915 quis
493 2832 653 2915 predictos
678 2834 790 2898 tratres
818 2834 989 2899 heremitas
1018 2835 1050 2898 iu
1080 2834 1233 2918 predictis
1261 2834 1353 2899 bonis
1383 2853 1437 2899 sen
1465 2835 1498 2897 in
1524 2833 1611 2913 aliis,
1638 2852 1700 2916 que

394 2942 479 2987 nune
504 2923 668 3006 possident
694 2924 746 2989 vel
766 2924 801 2988 in*
825 2925 928 2987 iirturo
954 2925 1035 2989 iusto
1057 2924 1148 2987 titulo
1174 2931 1321 3005 poterunt
1341 2922 1493 3007 adipisci,
1523 2922 1700 3004 inquietare

395 3030 449 3075 seu
472 3012 640 3076 molestare
663 3018 830 3094 presumat.
872 3013 906 3077 Si
926 3012 997 3093 quis
1015 3019 1122 3076 antem
1143 3018 1332 3095 attemptare
1354 3010 1597 3095 presumpserit,
1620 3012 1699 3074 iram

397 3098 448 3163 dei
484 3099 711 3183 omnipotentis
738 3105 770 3165 et
802 3106 908 3164 nostre
938 3100 1272 3165 excommunicationis
1292 3100 1486 3164 sentenciam
1514 3118 1549 3165 se
1575 3101 1699 3165 noverit

394 3206 572 3253 rucurnsse.

476 3277 593 3341 Datum
602 3276 841 3359 Werningerod,
859 3297 915 3361 per
929 3296 1055 3342 manum
1064 3278 1210 3358 Gerardi,
1219 3279 1316 3342 nostri
1328 3276 1454 3356 notarii,
1466 3276 1527 3341 ΧΙο
1541 3275 1699 3341 kalendas

395 3366 493 3447 Maii,
514 3364 717 3447 pontificatus
737 3368 836 3431 nostri
857 3386 940 3430 auno
964 3368 1070 3431 tercio.

479 3482 584 3535 Ursclnn
603 3482 653 3551 lupi.
672 3482 836 3537 Sturrtsurcb.
854 3500 889 3535 au
903 3483 995 3551 Mupd.
1019 3484 1068 3537 mit
1084 3490 1134 3551 put
1153 3484 1313 3537 erbulteuem
1335 3484 1448 3549 hecbrith
1467 3482 1550 3553 Siepel
1566 3501 1605 3536 un
1626 3484 1698 3537 rolla·

394 3552 479 3677 ‚rlrjelig
494 3551 717 3675 ceShqrdeasclmnr.
782 3552 838 3605 Vos
868 3554 1037 3607 arceamur:
1072 3554 1163 3609 Prima
1191 3553 1359 3609 confirmacio
1390 3555 1492 3608 novelle
1524 3554 1699 3623 plantationis

417 3640 432 3676 o
552 3664 557 3674 .

398 3786 508 3869 1258.
536 3786 699 3885 August
713 3788 753 3868 4.
806 3788 970 3870 iloslm.
1659 3790 1698 3871 ἵ).

497 3920 648 3997 Athreclst,
671 3921 791 4001 Herrop
811 3942 870 3985 nore
890 3922 1151 4004 Brunrrsclnoeip,
1172 3924 1296 3987 sclraclrt
1315 3924 1384 3986 (tera
1403 3922 1530 3986 Kloster·
1549 3922 1699 3987 Himmel-

490 4020 617 4099 ptorteo
638 4038 681 4081 on
704 4019 802 4081 ciuem
822 4020 903 4083 noire
922 4020 1083 4100 pelcyoncu
1097 4020 1208 4085 Wulrte
1226 4022 1296 4084 aad
1306 4020 1421 4100 Berpe,
1443 4021 1504 4083 deu
1524 4021 1622 4083 dieses
1640 4042 1698 4083 uon

497 4116 565 4178 (lein
581 4116 730 4181 Goelurer
740 4116 866 4197 Biirper
879 4117 1015 4181 Koite-aa
1035 4140 1094 4183 nou
1115 4119 1281 4183 medaeas
1301 4118 1455 4181 errrorbcu
1473 4119 1542 4181 acad
1562 4122 1699 4182 statera·

496 4214 610 4276 seincm
637 4214 834 4277 Lebusherru
861 4216 928 4278 dem
960 4216 1085 4298 Grcfen
1118 4236 1177 4280 von
1201 4215 1418 4296 Wcrmperode
1453 4216 1602 4295 resipuirt
1635 4216 1698 4290 but,

495 4312 546 4373 dic
565 4311 629 4373 ilem
648 4312 853 4375 eustebeadeu
874 4312 1201 4377 oberlcbusherrlicbcu
1218 4313 1338 4377 lerte.

479 4426 539 4489 Dei
564 4427 671 4507 gratia
692 4427 840 4492 Albertus
866 4427 930 4490 dux
957 4428 997 4493 de
1019 4428 1183 4493 Bruuswio
1206 4429 1376 4509 universis,
1404 4428 1446 4493 ad
1469 4448 1547 4509 utros
1568 4448 1700 4511 presens

400 4514 548 4596 scriptum
583 4518 775 4598 peruenerit,
811 4517 944 4581 salutem
977 4524 1009 4581 et
1031 4517 1112 4582 boue
1134 4519 1323 4583 voluntatis¹
1355 4517 1499 4583 ollii-ium.
1540 4516 1568 4578 Α
1602 4518 1702 4580 seruis

1401 4612 1405 4620 ,
1463 4619 1497 4671 7*
