4459 5167
899 332 946 389 Nr.
962 334 1004 389 tto.
1023 334 1065 389 312.
1084 350 1108 387 ι.
1133 336 1210 387 1290.

403 518 715 603 resumatur.
743 520 906 601 Erfurt.
1645 523 1707 605 31.
1751 548 1756 557 ·

506 655 635 737 Reddi,
657 656 844 737 Errbiscbcf
851 678 907 719 roc
923 654 1083 737 walari-p,
1106 654 1332 731 rrruchnrcd,
1355 656 1485 736 Bisclrol
1504 677 1561 719 roa
1574 657 1706 734 lar-aur,

504 755 597 833 peberc
613 754 721 831 dcirca,
743 753 852 817 welche
871 774 915 816 ort
932 755 1079 835 percussere
1092 754 1259 834 nisurum
1280 754 1461 817 dicKirclre
1478 774 1538 817 arur
1560 754 1707 818 Iliuuurl-

502 854 605 1013 mog}
631 852 779 915 bescocheu
806 852 874 915 arud
902 852 996 915 mildo
1026 850 1136 915 Gcbcn
1161 851 1311 931 spendore,
1346 872 1522 915 armorruurm
1552 856 1597 915 80
1626 852 1708 933 Tupc

447 970 451 977 ·
505 950 555 1013 Ab
605 970 629 1013 s.

481 1074 635 1140 Rudollus
666 1074 718 1139 dei
739 1074 843 1157 gratia
865 1079 972 1139 sancte
994 1073 1254 1157 Salzeburgensis
1274 1073 1407 1139 ecclesie
1438 1074 1707 1159 archiepiscopus,

401 1166 576 1249 apostolice
592 1164 678 1229 scdis
691 1164 825 1245 legatus
848 1170 880 1229 et
893 1162 1058 1229 Cuuradus
1071 1163 1183 1227 eadem
1195 1164 1303 1245 gratia
1317 1164 1512 1229 Lav'eutinus
1528 1167 1706 1248 episcopus,

399 1256 559 1319 universis
571 1254 689 1321 Christi
710 1252 865 1334 fidelihus,
887 1256 929 1317 ad
951 1273 1028 1335 quos
1047 1273 1178 1337 presens
1193 1256 1344 1337 scriptum
1362 1255 1552 1335 pervenerit,
1573 1255 1706 1318 salutem

401 1346 433 1409 iu
462 1344 591 1409 domino
618 1343 850 1426 sempiternam.
895 1342 985 1407 Licet
1012 1343 1053 1421 is,
1083 1342 1124 1406 de
1150 1344 1240 1407 cuius
1260 1361 1389 1406 munere
1411 1344 1511 1423 veuit,
1541 1353 1576 1418 ut
1603 1344 1707 1407 sihia

400 1434 466 1496 suis
492 1430 639 1497 fidelibus
666 1431 763 1513 digne
790 1452 827 1495 ac
856 1430 1058 1496 laudabiliter
1080 1430 1249 1508 serviatur,
1275 1430 1316 1493 dc
1337 1431 1557 1495 habundantia
1578 1432 1707 1514 pietatis

398 1540 454 1587 sue
475 1522 589 1586 merita
608 1520 785 1604 supplicum
806 1521 962 1585 excedens
983 1528 1015 1583 et
1031 1528 1114 1599 vota,
1138 1519 1217 1583 benc
1238 1519 1448 1583 servientibus
1466 1519 1564 1583 multo
1586 1522 1708 1584 uraiora

400 1610 534 1689 tribnat,
563 1629 658 1691 qnam
684 1610 812 1673 valeant
837 1610 1023 1693 promereri;
1055 1608 1274 1673 desiderantes
1299 1616 1403 1672 tamen
1425 1608 1556 1673 reddere
1579 1608 1707 1673 dominc

402 1700 552 1780 populum
568 1698 812 1781 acceptabilem,
833 1698 943 1763 lideles
959 1698 1076 1763 Christi
1097 1696 1139 1761 ad
1161 1697 1409 1780 conplacendum
1431 1697 1460 1761 ei
1478 1697 1706 1777 quasiquibus-

400 1786 473 1851 dam
486 1787 644 1851 allectivis
652 1786 843 1867 muneribus,
856 1786 1221 1865 indulgentiisuidclicct
1231 1792 1263 1850 et
1274 1786 1512 1851 remissionibus
1525 1786 1706 1865 invitamus,

400 1884 433 1941 ut
454 1876 572 1941 exinde
593 1875 765 1941 reddantur
782 1876 891 1941 divine
912 1877 1014 1957 gratie
1036 1876 1189 1959 apciores.
1232 1876 1387 1951 Omnibus
1408 1875 1504 1957 igilur
1524 1895 1597 1939 rere
1619 1878 1705 1959 peni-

400 1966 541 2030 tentibus
574 1972 606 2030 et
638 1966 808 2045 confessis,
839 1966 892 2047 qui
923 1964 965 2029 ad
992 1965 1160 2030 ecclesiam
1189 1966 1320 2029 fratrum
1347 1966 1448 2029 sancti
1474 1966 1645 2044 Augustini
1672 1964 1706 2028 in

399 2054 495 2119 Portu¹
523 2054 605 2134 Geli,
640 2054 907 2119 Halberststensis
941 2053 1102 2135 dyocesis,
1134 2055 1168 2119 in
1195 2061 1328 2136 quatuor
1352 2053 1580 2118 festivitatibus
1613 2053 1706 2118 beate

400 2144 558 2226 Virginis,
592 2145 624 2207 in
652 2144 868 2208 amriversario
894 2143 1105 2208 dedicationis
1132 2150 1164 2207 et
1191 2144 1223 2209 in
1260 2142 1313 2207 die
1350 2142 1451 2207 sancti
1477 2142 1646 2221 Augustini
1673 2150 1706 2207 et

400 2232 534 2297 aliorum
561 2238 761 2315 patronorum
788 2232 929 2297 eiusdem
958 2233 1092 2297 ecclesie
1119 2233 1299 2298 devotionis
1323 2250 1422 2296 causa
1446 2230 1611 2295 aunuatim
1632 2250 1704 2296 con-

399 2322 545 2388 venerint
569 2328 600 2386 et
622 2320 741 2385 ibidem
763 2340 820 2403 pro
839 2320 981 2385 subsidio
1002 2321 1135 2386 ecclesie
1155 2327 1187 2385 et
1206 2322 1336 2385 l'rutrum
1357 2340 1484 2383 manum
1510 2320 1707 2403 porrexerint

400 2412 601 2491 adiutricem,
633 2410 725 2475 ambo
756 2410 849 2475 simul
881 2410 1042 2491 octoginta
1074 2410 1144 2475 dies
1170 2409 1211 2474 de
1239 2410 1383 2474 iniuncta
1411 2408 1492 2492 ipsis
1519 2410 1705 2492 penitentia,

401 2500 571 2565 dummodo
592 2518 764 2565 consensus
784 2498 954 2581 dyocesani
977 2499 1162 2579 accesserit,
1183 2496 1429 2562 misericorditer
1451 2497 1638 2565 relaxamus.

479 2588 598 2653 Datum
620 2586 779 2668 llrl'ordie,
804 2605 887 2649 anno
915 2588 1017 2669 gratie
1037 2587 1204 2652 millesimo
1227 2586 1484 2665 CG⁰LX⁰XXX⁰,
1510 2586 1571 2651 Xl⁰
1596 2589 1705 2654 kalen-

400 2677 456 2743 das
479 2678 574 2742 Iunii.

475 2794 581 2848 Ursebr.
611 2794 700 2847 Wera.
727 2811 765 2847 an
792 2793 844 2847 den
867 2793 1052 2846 Bruclratclleu
1076 2793 1227 2859 aelurdhast.
1264 2792 1319 2847 Dic
1341 2793 1424 2862 Siepel
1451 2811 1490 2846 aa
1512 2795 1704 2864 ursprrhrplicb

399 2864 700 2989 fflmhgl'mendmm
721 2864 1042 2918 Boumwcllcrrsclrniirea
1063 2864 1223 2930 coluuilurpt,
1254 2862 1305 2917 dus
1329 2862 1374 2917 des
1398 2863 1477 2919 Ersb.
1502 2882 1552 2917 um
1577 2864 1707 2935 &alrbroc

519 2952 559 3003 leq
612 2978 617 2987 .

929 3025 1178 3035 ———.—---—-——-—.

401 3118 517 3200 lutto.
544 3117 631 3199 illul
650 3118 710 3200 31.
734 3118 1026 3216 Regeushurg.
1641 3116 1704 3199 32.

501 3262 668 3341 Heinrich,
697 3262 834 3343 Bischof
849 3282 909 3326 ooo
929 3260 1144 3342 Repenshwrp,
1172 3261 1378 3345 trccssumtrt
1396 3260 1464 3324 cirre
1487 3259 1585 3323 Belle
1607 3260 1707 3341 Pcpst

509 3361 673 3426 Nitohrus
693 3360 754 3427 IV.
772 3360 900 3441 gegeben
922 3358 1001 3423 Rom
1026 3364 1054 3423 6.
1078 3359 1224 3423 Feovuar
1245 3362 1343 3435 1289,
1366 3358 1464 3421 carrel
1485 3358 1594 3421 welche
1614 3359 1705 3436 alleri,

500 3459 552 3521 dic
576 3478 620 3522 aa
644 3458 792 3539 percussere
813 3457 979 3538 Festtupca
999 3457 1049 3519 dic
1069 3455 1212 3520 Kircheu
1232 3456 1289 3519 der
1310 3456 1507 3535 Aarprrslr‘uer
1526 3455 1706 3520 Eircsicdler

501 3556 662 3633 bosenchem,
685 3556 736 3619 eia
757 3554 1012 3635 hrccderllripipcr
1033 3553 1149 3617 Abloss
1166 3552 1305 3633 paodbrl
1323 3554 1412 3616 aoird.

482 3680 647 3747 Heinricus
680 3680 734 3745 dei
760 3680 865 3764 gratia
891 3678 1135 3762 Ratisponensis
1172 3678 1306 3743 ecclesie
1341 3678 1510 3764 episcopus
1549 3678 1706 3744 universis

403 3770 520 3835 Christi
544 3768 691 3835 fidelibus
714 3770 880 3851 presencia
902 3770 1092 3852 inspecturis
1115 3768 1248 3833 salutem
1270 3767 1302 3830 iu
1324 3766 1452 3831 domiuo
1473 3768 1706 3851 sempiternam.

402 3858 513 3925 Vestrc
533 3859 658 3925 noverit
677 3858 895 3925 universitatis
913 3858 1052 3938 dilectio,
1074 3856 1158 3939 quod
1179 3876 1238 3921 nos
1258 3856 1381 3921 litteras
1401 3856 1593 3922 sanctissimi
1606 3858 1707 3940 patris

404 3949 501 4014 nostri
523 3949 658 4033 Nycclai
680 3969 765 4034 pape
786 3949 867 4013 HHti
888 3967 951 4013 non
971 3948 1180 4027 cancellatas,
1206 3966 1268 4012 non
1298 3946 1437 4011 abolitas
1459 3965 1518 4011 nec
1543 3946 1577 4010 in
1599 3946 1708 4027 aliqua

404 4038 450 4101 sui
471 4045 561 4120 parte
579 4039 715 4104 viciatus
736 4056 807 4102 cnm
827 4054 902 4101 vera
923 4035 1010 4101 bulla
1034 4042 1066 4100 et
1086 4034 1139 4100 filo
1160 4037 1260 4100 serico
1281 4041 1313 4101 et
1332 4034 1456 4117 integro
1473 4035 1514 4099 de
1542 4035 1639 4101 verbo
1664 4036 1706 4100 ad

404 4126 531 4191 verbnm
553 4127 691 4193 vidimus
713 4132 744 4191 et
765 4126 900 4209 legimus
920 4124 979 4190 sub
1000 4125 1061 4191 bac
1081 4128 1199 4189 lorma:

542 4216 703 4301 Nycolaus
724 4218 902 4300 episcopus,
923 4234 1033 4280 servus
1053 4233 1213 4279 servorum
1234 4214 1302 4294 dei,
1322 4212 1449 4279 dilectis
1468 4212 1544 4277 tiliis
1563 4212 1708 4295 generali

503 4312 535 4371 et
555 4306 814 4391 provincialibus,
836 4305 994 4389 prioribus
1014 4323 1052 4368 ac
1069 4304 1144 4368 aliis
1163 4302 1315 4368 iratribus
1337 4302 1494 4367 universis
1512 4300 1633 4367 ordinis
1654 4300 1707 4367 be-

502 4396 683 4462 remitarum
704 4395 807 4461 sancti
821 4394 990 4477 Augustini
1012 4393 1146 4459 salutem
1167 4399 1199 4457 et
1218 4392 1427 4475 apostolicam
1445 4390 1708 4457 benedictionem.

503 4484 593 4551 Licet
612 4486 650 4568 is,
672 4484 713 4550 de
735 4484 822 4551 cuius
843 4502 971 4549 munere
991 4482 1092 4558 venit,
1114 4486 1149 4547 ut
1169 4481 1233 4547 sibi
1253 4500 1274 4545 a
1294 4480 1441 4546 fidelihus
1461 4480 1527 4544 suis
1550 4478 1649 4561 digne
1669 4498 1708 4544 ac
