4459 5167
1393 324 1485 377 Nr.
1525 324 1592 376 28
1619 325 1763 375 -30.
1803 341 1851 378 a.
1896 325 2030 376 1264
2055 325 2273 378 —1271.
3089 330 3157 381 23

543 474 774 554 1269.
881 472 1525 570 Blankenburg.
3024 477 3152 559 29.

747 593 970 675 sifi-id,
1021 593 1193 675 Graf
1211 614 1294 658 zu
1309 593 1783 676 Blankenbury,
1821 596 2113 677 verlmuft
2137 598 2254 659 mit
2282 596 2720 676 Zustimmunq
2746 598 2950 660 seiher
2985 596 3065 660 K
3062 599 3156 662 ἰη-

746 692 857 754 der
888 692 1003 754 den
1041 689 1817 755 Deutschordensbriidern
1849 694 1962 773 fiir
1996 696 2086 757 25
2113 693 2315 756 Marh
2357 693 2492 755 eine
2515 691 2700 774 Hufe
2742 713 2826 757 zu
2850 695 3151 777 Lanyeln.

710 809 780 871 ln
824 807 1076 872 nomine
1117 806 1358 872 domini
1400 812 1643 871 amen.¹
1751 805 2021 871 Sifridus
2065 808 2168 872 dei
2211 809 2425 890 gratia
2468 828 2673 873 comes
2716 809 2797 874 de
2840 809 3155 875 Blanken-

544 897 697 960 burc
750 896 1041 961 omnibus
1096 895 1550 978 inperpetuum.
1639 896 1723 959 Ut
1764 915 1841 958 ea
1886 916 2008 977 que
2065 917 2176 981 per
2227 918 2342 961 nos
2383 897 2698 979 religiosis
2756 897 3047 964 domibus
3098 907 3160 964 et

543 986 628 1049 ad
671 986 1000 1050 comodum
1058 985 1296 1049 ibidem
1354 984 1607 1051 domino
1656 986 2096 1049 famulantium
2142 988 2375 1050 fuerint
2428 986 2749 1067 ordinata,
2814 988 2999 1052 robur
3053 988 3157 1052 ob-

543 1074 788 1138 tineant
825 1080 1127 1157 perpetue
1169 1072 1510 1155 firmitatiS,
1561 1074 1652 1137 ita
1694 1073 1948 1157 scriptis
2004 1080 2066 1138 et
2115 1076 2385 1139 testibus
2433 1075 2726 1139 duximus
2783 1077 3160 1160 roboranda,

544 1183 625 1227 ne
667 1182 961 1246 processu
1003 1164 1302 1246 temporis
1344 1183 1384 1225 a
1428 1163 1729 1225 memoria
1774 1163 2128 1227 mortalium
2172 1170 2558 1229 evanescant
2672 1165 2977 1230 Noverint
3017 1186 3159 1249 pro-

541 1252 693 1316 inde
744 1262 1071 1335 presentes
1123 1259 1187 1314 et
1248 1252 1630 1334 presentium
1689 1270 2112 1333 successores,
2175 1254 2342 1334 quod
2409 1273 2524 1318 nos
2582 1254 2881 1318 fratribus
2938 1255 3159 1321 domus

543 1342 903 1405 theutuniee
946 1342 1012 1405 in
1038 1341 1318 1422 Langele
1362 1340 1763 1405 vendidimus
1805 1360 1917 1424 pro
1958 1341 2189 1422 viginti
2235 1349 2298 1404 et
2333 1342 2609 1423 quinque
2652 1342 2880 1406 marcis
2899 1342 3163 1406 Halber-

544 1430 864 1495 stadensis
906 1430 1156 1510 argenti
1199 1431 1279 1493 de
1324 1430 1707 1512 proprietate
1751 1437 1965 1493 nostra
2016 1451 2303 1495 mansum
2347 1432 2533 1494 situm
2583 1432 2647 1494 in
2691 1431 2847 1494 villa
2888 1443 2951 1496 ct
2996 1452 3162 1516 pago

547 1520 612 1583 in
651 1519 928 1600 Langele
974 1519 1107 1582 iure
1150 1527 1453 1602 perpetuo
1496 1518 1966 1601 possidendum,
2007 1519 2323 1598 Heinrici,
2367 1520 2745 1598 Hermanni,
2787 1519 3158 1601 Burchardi‚

543 1607 766 1673 Sifridi
808 1612 870 1670 et
899 1606 1283 1687 Mechtildis,
1324 1626 1653 1690 puerorum
1701 1616 2068 1688 nostrorum,
2112 1609 2437 1673 voluntate
2479 1615 2543 1672 et
2576 1627 2885 1673 consensu
2928 1609 3159 1692 plenis-

543 1700 706 1761 simo
760 1695 1136 1776 accedente,
1217 1696 1322 1777 qui
1385 1695 1604 1771 etiam,
1667 1704 1736 1758 ut
1784 1715 2011 1778 pueros
2063 1697 2273 1760 adhuc
2325 1696 2694 1779 inpuberes,
2756 1703 2825 1759 nt
2888 1697 3161 1780 predicti

543 1786 753 1849 mansi
818 1784 1288 1861 vendicionem,
1367 1804 1507 1848 cum
1571 1784 1652 1846 ad
1721 1804 1922 1849 annos·
1986 1785 2388 1849 discretionis
2449 1786 2881 1869 pervenerint,
2955 1793 3161 1850 ratam

543 1879 834 1952 teneant,
899 1871 1282 1938 efficaciter2
1345 1875 1641 1938 inducere
1707 1874 1966 1938 firmiter
2027 1875 2464 1958 promiserunt.
2574 1874 2775 1937 Huius
2825 1875 2913 1937 rei
2965 1880 3159 1940 testes

543 1969 721 2027 sunt:
798 1962 1092 2026 dominus
1153 1963 1489 2027 Heinricus
1553 1963 1756 2043 Boon,
1827 1964 2118 2028 dominus
2173 1962 2539 2027 Alexander
2602 1962 2684 2026 de
2745 1962 3160 2027 Dottenstede

541 2053 778 2117 milites
817 2057 881 2115 et
920 2050 1095 2115 Boch
1136 2052 1485 2117 advocatus
1526 2060 1736 2116 noster
1780 2059 1929 2117 tunc
1970 2053 2291 2134 temporis,
2336 2059 2401 2115 et
2443 2060 2574 2116 tam
2616 2053 2684 2130 (!)
2729 2051 2958 2134 plureS.

708 2141 944 2205 Datum
987 2160 1155 2205 anno
1196 2141 1433 2206 domini
1479 2141 1961 2206 M⁰CC⁰LX1X⁰.
2005 2142 2069 2204 in
2122 2141 2581 2205 Blankenburc.

699 2243 909 2298 Ursehr.
931 2245 1000 2298 W
1046 2244 1145 2297 mit
1180 2243 1283 2297 den
1319 2244 1710 2312 aidumyenden
1746 2243 1951 2310 Sieqeln
1995 2243 2090 2298 Gr.
2129 2243 2331 2310 Sifrids
2368 2244 2456 2310 (T.
2493 2242 2669 2309 VIII,
2708 2245 2799 2311 56)
2837 2242 2958 2296 md
2991 2244 3161 2297 scine-3

542 2317 768 2369 «Hecaten
804 2313 978 2368 Solam
1012 2313 1297 2379 Heinrich,
1334 2314 1548 2368 welches
1595 2315 1712 2381 Tat.
1762 2314 1893 2380 VII,
1932 2314 2034 2368 Nr.
2074 2318 2143 2368 53
2177 2312 2464 2383 abyebildet
2497 2313 2582 2367 n‘et.
2610 2349 2623 2366 1

691 2407 747 2470 l)
782 2404 1017 2460 Hdschr.
1054 2421 1282 2460 ammen.
1323 2435 1384 2444 ——
1424 2404 1483 2472 9.)
1529 2405 1739 2459 Urechr.
1776 2404 2079 2461 efficat-iter.

548 2608 765 2689 1271.
871 2605 1523 2688 Gaudersheim.
3024 2604 3158 2686 30.

752 2722 877 2787 Die
918 2724 1234 2787 Aebtissin
1276 2724 1642 2804 Maryarete
1679 2744 1761 2788 zu
1809 2723 2265 2788 Gaudersheim
2304 2724 2654 2805 iibereiynet
2693 2724 2829 2786 dem
2858 2720 3162 2786 Deutsch-

750 2821 1168 2886 ordenshause
1220 2841 1303 2885 zu
1354 2821 1639 2901 Lanyeln
1697 2825 1739 2885 8
1789 2821 2055 2902 Moryen
2070 2871 2086 2898 ,
2152 2821 2368 2884 welche
2424 2821 2535 2884 der
2591 2819 2856 2901 Psarrer
2900 2818 3161 2884 Werner

748 2939 831 2985 zu
863 2918 1196 2995 Reddeber,
1248 2919 1386 2981 und
1430 2920 1580 2983 zwei
1607 2919 1892 3001 Mor-yen,
1938 2918 2154 2981 welche
2175 2918 2481 2982 Heinrich
2523 2938 2639 2982 von
2667 2917 2982 2981 Reddeber
3021 2917 3159 2979 und

751 3018 966 3079 descen
1010 3016 1268 3079 Brilder
1297 3017 1508 3097 jenem
1548 3016 1771 3079 Hause
1811 3018 2104 3097 verhauft
2139 3018 2357 3080 haben.

713 3132 1074 3215 Margareta
1128 3131 1230 3196 dei
1290 3133 1499 3215 gratia
1551 3131 2117 3196 Gandersemensis
2166 3132 2431 3197 ecclesie
2483 3131 2811 3196 abbatissa
2871 3129 3160 3194 omnibus

549 3223 719 3286 banc
761 3221 1030 3284 litteram
1074 3221 1453 3304 inspecturis
1480 3221 1746 3285 salutem
1777 3221 1838 3282 in
1869 3221 2124 3284 domino
2149 3222 2615 3305 sempiternam.
2701 3219 2837 3297 Que
2856 3226 3161 3300 geruntur

545 3312 613 3374 in
663 3317 962 3391 tempore,
1005 3317 1391 3373 evanescunt
1437 3328 1477 3371 a
1520 3310 1817 3372 memoria
1864 3308 2205 3390 hominum,
2247 3309 2365 3371 nisi
2407 3307 2767 3372 testimonio
2810 3308 3158 3371 litterarum

543 3398 872 3479 accipiant
911 3396 1384 3461 firmamentum.
1470 3398 1779 3461 Noverint
1810 3398 2005 3479 igitur
2026 3398 2303 3460 universi
2326 3398 2713 3480 presentium
2749 3397 3159 3479 inspectore8‚

541 3486 716 3564 quod
759 3505 873 3549 nos
913 3486 992 3550 de
1036 3504 1345 3550 consensu
1405 3487 1599 3550 nostri
1655 3486 1921 3568 capituli
1976 3486 2426 3569 proprietatem
2484 3492 2625 3550 octo
2670 3486 2985 3567 iugerum,
3036 3501 3158 3565 que

542 3575 842 3640 dominus
873 3574 1238 3654 Wernerus,
1281 3574 1587 3655 plebanus
1629 3576 1692 3637 in
1738 3574 2083 3654 Redebere,
2131 3575 2311 3647 iuxta
2355 3575 2683 3639 consilium
2726 3593 2974 3639 suorum
3017 3592 3159 3655 par-

543 3662 921 3728 rochialium
964 3663 1263 3728 fratribus
1304 3662 1526 3727 domus
1569 3663 1925 3728 theutonice
1978 3663 2043 3726 in
2085 3663 2369 3745 Langele
2425 3662 2712 3727 vendidit
2766 3663 2852 3727 ad
2890 3663 3158 3726 ecclesie

544 3772 664 3817 sue
707 3751 967 3832 bonum,
1019 3757 1082 3815 et
1132 3752 1420 3816 similiter
1474 3752 1920 3835 proprietatem
1976 3752 2238 3816 duorum
2295 3753 2603 3834 iugerum,
2657 3772 2780 3834 que
2828 3751 3162 3815 Heinricus

543 3841 630 3905 de
675 3840 997 3904 Redebere
1039 3849 1100 3903 et
1157 3841 1251 3903 sui
1305 3841 1528 3904 fratres
1569 3841 1874 3923 predictis
1918 3842 2214 3905 fratribus
2259 3841 2704 3919 vendiderunt,
2768 3840 2892 3923 ipsi
2948 3840 3158 3903 domui

542 3929 907 3994 theutonice
950 3929 1013 3991 in
1039 3929 1316 4009 Langele
1347 3930 1720 3993 contulimus
1760 3941 2013 4012 propter
2054 3929 2239 3993 deum
2281 3936 2344 3993 et
2381 3930 2772 4011 quorundam
2815 3936 3162 3992 nostrorum

542 4018 829 4082 fidelium
873 4018 1187 4082 instancia
1232 4018 1543 4098 diligenti.
1630 4018 1709 4080 Et
1761 4019 1843 4081 ad
1887 4018 2282 4083 evidenciam
2327 4018 2509 4082 huius
2556 4019 2703 4083 facti
2750 4037 2864 4081 nos
2907 4036 3160 4100 presen-

541 4116 675 4173 tem
718 4104 1003 4169 cedulam
1057 4106 1251 4188 sigilli
1312 4108 1509 4171 nostri
1564 4108 1926 4188 karactere,
1984 4109 2241 4190 insuper
2296 4107 2510 4189 sigillo
2562 4109 2756 4172 nostri
2813 4111 3159 4171 conventus

537 4196 813 4262 fecimus
851 4195 915 4257 in
959 4195 1385 4260 testimonium
1429 4197 1726 4262 roborari.

710 4283 945 4347 Datum
988 4284 1396 4358 Gandersem,
1441 4306 1608 4351 anno
1650 4286 1888 4349 domini
1931 4285 2414 4351 M⁰CC⁰LXX10.

699 4385 910 4438 L‘rsehr.
952 4386 1017 4439 W
1054 4387 1153 4439 mit
1187 4387 1291 4440 den
1325 4388 1504 4442 beiden
1539 4393 1650 4454 auf
1687 4388 1837 4455 Tatel
1874 4389 1992 4455 III,
2031 4389 2133 4440 Nr.
2171 4392 2243 4443 24
2279 4405 2334 4441 u.
2371 4393 2443 4441 25
2477 4387 2828 4456 abyebildeten
2864 4386 3087 4456 Sieyeln.
