4459 5167
484 272 539 329 244
738 269 1024 329 Olstarcienseriuncu·
1043 270 1261 342 (Heillgenblut)
1281 270 1389 330 Kloster
1399 271 1543 331 Wntcrler.

437 528 441 536 .
487 457 603 540 1301.
630 454 883 558 September
899 455 960 539 21.
986 454 1282 541 Halberstadt.
1732 459 1798 543 28.

587 591 763 670 riman,
784 590 917 674 Bisdtot
936 612 997 657 von
1014 592 1228 671 Habemus,
1249 594 1314 675 ptbt
1333 594 1402 658 dero
1422 593 1550 661 Kloster
1567 594 1721 661 Wuterlcr
1739 596 1800 661 duc

586 690 779 773 Eipeutbmn
795 710 856 755 voa
873 691 957 773 tabes
971 689 1085 773 Huten
1103 710 1147 757 aa
1176 690 1331 757 Veltlreim.

565 817 765 883 Hermannns
785 814 839 882 dci
862 817 968 899 gratia
988 815 1271 883 Halberstadensis
1291 818 1426 882 ecclesie
1455 821 1625 904 episcopus
1651 819 1799 886 omnibus

483 924 615 992 presens
640 905 793 990 scriptum
820 906 1018 970 intuentibus
1050 905 1184 971 salutem
1216 906 1250 969 in
1279 906 1407 971 domino
1438 908 1672 992 sempiternam.
1714 908 1799 988 Quia

483 996 623 1063 omnium
650 996 834 1060 memoriam
861 994 979 1060 babere
1012 995 1124 1077 pocius
1158 1002 1206 1059 est
1241 994 1421 1061 divinitatis
1450 1016 1546 1079 quam
1580 997 1797 1080 humanitatis,

481 1104 612 1153 necesse
639 1091 702 1165 est,
728 1090 845 1165 utque
873 1083 915 1147 ab
941 1082 1123 1148 hominibus
1150 1082 1244 1159 fiunt,
1272 1084 1496 1168 scripturarum
1521 1086 1702 1150 testimonio
1728 1106 1798 1170 per·

484 1176 669 1241 bennentnr.
716 1172 835 1238 Notum
860 1172 957 1254 igitur
988 1171 1232 1237 essevolumus
1263 1174 1420 1239 universis
1449 1182 1628 1259 presentem
1659 1174 1797 1240 litteram

483 1264 692 1348 inspecturis,
715 1261 801 1346 quod
826 1260 868 1327 de
888 1261 1032 1326 unanimi
1057 1279 1213 1327 consensu
1238 1281 1278 1327 ac
1304 1262 1453 1328 concordi
1475 1264 1637 1330 voluntate
1664 1260 1798 1347 capituli

483 1354 582 1420 nostri
609 1353 744 1419 ecclesie
772 1357 806 1417 et
831 1352 1000 1417 conventui
1025 1350 1108 1415 sacri
1135 1351 1302 1433 sanguinis
1326 1351 1420 1418 lbesu
1447 1352 1540 1418 Oristi
1568 1353 1601 1418 in
1623 1353 1798 1419 Watarlere

483 1444 709 1529 proprietatem
740 1440 880 1524 quinque
914 1457 1094 1504 mansorum
1127 1438 1161 1502 in
1188 1439 1266 1504 villa
1291 1438 1404 1504 Veltim
1433 1440 1563 1506 sitorum
1593 1440 1799 1525 proprialitcr

481 1532 630 1598 dedimus
653 1538 686 1596 et
711 1529 867 1594 donamus
887 1547 959 1592 cum
986 1528 1072 1591 omni
1094 1527 1163 1593 inre
1190 1534 1222 1594 et
1245 1528 1400 1611 utilitate,
1429 1529 1580 1595 videlicet
1604 1530 1744 1597 inaneis
1766 1537 1798 1597 et

481 1622 587 1702 silvis,
613 1618 813 1703 graminibus
840 1625 872 1683 et
893 1617 994 1700 pratis
1016 1617 1250 1701 pertinentibus
1279 1618 1322 1682 ad
1347 1637 1475 1684 mansos
1499 1618 1699 1704 supradictos
1727 1640 1797 1705 pcr-

483 1718 580 1796 petno
600 1709 803 1795 possidendo.
845 1708 896 1773 Ne
915 1707 1034 1789 aliquis
1061 1726 1276 1774 suceessorum
1303 1716 1475 1775 nostrornm
1499 1709 1674 1793 predictam
1699 1709 1798 1776 dona·

481 1802 603 1867 tionem
624 1811 765 1865 nostram
785 1796 908 1862 violare
927 1796 978 1861 vel
998 1794 1173 1878 infringere
1198 1795 1305 1862 valeat
1326 1798 1359 1862 in
1380 1802 1555 1881 posterum,
1585 1817 1717 1883 presens
1748 1800 1797 1865 eis

483 1891 637 1975 scriptum
658 1889 692 1953 in
713 1885 927 1952 testimonium
949 1882 1094 1948 dedimus
1114 1884 1215 1965 sigilli
1236 1884 1334 1950 nostri
1356 1904 1395 1949 ac
1415 1886 1515 1968 sigilli
1536 1889 1671 1954 ecclesie
1690 1896 1797 1955 nostre

484 1979 659 2044 munimine
686 1977 875 2042 roboratum.
918 1972 1032 2039 Testes
1057 1972 1152 2038 buius
1182 1975 1229 2038 rei
1260 1981 1345 2039 sunt:
1377 1973 1524 2041 dominus
1547 1977 1728 2045 (luntberns
1755 1977 1798 2044 de

483 2067 651 2148 Mansvelt,
672 2064 854 2151 prepositus
870 2063 1001 2128 maioris
1022 2062 1157 2127 ecclesie
1179 2061 1212 2127 in
1228 2063 1425 2144 Halberstat,
1444 2070 1476 2129 et
1496 2065 1643 2132 dominus
1657 2066 1796 2134 Sil'ridns

483 2160 524 2225 de
549 2153 828 2233 Blanckeuboreh‚
856 2152 997 2219 domnus
1018 2151 1161 2216 eiusdem
1185 2152 1333 2233 ecclesie,
1361 2159 1393 2218 et
1418 2152 1563 2220 dominus
1588 2155 1795 2223 Gereburdns

483 2248 525 2315 de
545 2244 785 2326 Querenvorde,
806 2241 990 2308 cellerarius
1012 2240 1154 2325 predicte
1174 2243 1323 2323 ecclesie,
1345 2246 1376 2307 et
1399 2241 1545 2310 dominus
1566 2245 1734 2311 Heinricns
1754 2246 1801 2311 de.

482 2334 715 2402 Woldenbereh
738 2339 770 2397 et
791 2330 937 2397 dominus
958 2329 1148 2396 Fredericns
1171 2330 1212 2396 de
1231 2330 1366 2397 Plozeke
1387 2338 1419 2397 et
1439 2331 1585 2399 dominus
1604 2333 1795 2401 Thidericus

482 2428 524 2492 de
547 2426 690 2505 Hesnim,
710 2422 857 2487 canonici
877 2419 1011 2486 ecclesie
1031 2426 1213 2499 memorate,
1235 2424 1267 2485 et
1288 2420 1345 2485 alii
1367 2421 1569 2505 quamplures
1589 2420 1753 2505 fidedigni.

566 2516 684 2579 Datum
695 2512 879 2579 Halberstat
892 2530 977 2575 auno
995 2508 1117 2575 domiui
1129 2508 1297 2575 millesimo
1318 2512 1537 2577 trecentesimo
1559 2512 1670 2595 primo,
1690 2513 1723 2576 in
1741 2512 1795 2578 die

481 2612 662 2671 sanctornm
683 2603 798 2669 Oosme
816 2606 850 2667 et
869 2600 1032 2665 Damiani.

552 2721 638 2791 Sieyel
655 2720 731 2775 ciebt
749 2719 823 2773 mr
846 2716 1008 2772 cotanda
1051 2716 1108 2771 Von
1130 2717 1287 2771 ammirato
1310 2716 1359 2771 bct
1380 2718 1439 2772 ciue
1455 2716 1543 2771 Hand
1568 2714 1613 2772 dea
1637 2721 1678 2771 15.
1696 2718 1794 2773 Jnlsrb.

481 2792 609 2849 matt:
626 2808 706 2862 super
724 2790 748 2845 V
766 2806 871 2845 mansos
890 2805 950 2843 cum
967 2786 1021 2843 VII
1039 2787 1118 2853 areis,
1137 2787 1174 2841 lX
1192 2789 1286 2857 iugera
1303 2788 1444 2856 lignorum,
1464 2788 1514 2843 XX
1528 2790 1599 2843 swnd
1617 2789 1775 2857 graminum.

484 3058 599 3142 1302.
625 3058 797 3142 Januar
813 3055 880 3139 20.
907 3053 1202 3137 Halberstadt.
1727 3057 1792 3141 29.

582 3194 766 3270 Hennaea,
801 3190 933 3274 Biselwt
963 3210 1022 3256 von
1053 3188 1273 3269 Habesne,
1303 3190 1442 3271 iiberpdrt
1471 3190 1523 3255 die
1556 3191 1625 3257 dem
1659 3192 1699 3257 K
1703 3193 1794 3259 loster

582 3290 615 3359 S.
634 3290 794 3357 Jotannis
812 3308 868 3353 cor
887 3287 1092 3353 Habesos
1114 3288 1257 3369 odebrico
1277 3289 1333 3353 der
1354 3287 1472 3353 Kircbe
1489 3308 1531 3353 au
1552 3289 1672 3355 Hester
1693 3292 1794 3357 incor-

577 3390 699 3471 porirte
720 3385 927 3469 Ptmmrcbe
950 3405 993 3450 aa
1021 3384 1174 3451 Wcterler
1197 3386 1256 3450 mit
1280 3387 1349 3451 dea
1369 3386 1543 3451 Kircblelm
1571 3388 1640 3452 dem
1660 3388 1700 3453 K
1702 3390 1795 3455 tester

582 3486 733 3561 dmebc,
760 3484 838 3548 doris
864 3488 959 3547 anter
987 3482 1148 3549 Verbebult
1173 3484 1230 3547 der
1254 3502 1296 3547 cu
1323 3484 1379 3549 der
1398 3484 1519 3549 Kircbe
1541 3484 1676 3567 proptor
1702 3488 1795 3570 Hufc

581 3584 652 3648 med
676 3582 733 3646 der
753 3581 880 3663 Abpabe
904 3582 988 3646 abes
1002 3580 1161 3662 Ferdinpc
1181 3579 1280 3647 biber
1302 3581 1439 3659 jdbrlicb
1466 3601 1511 3646 mr
1541 3584 1601 3647 dna
1620 3584 1793 3649 ‚subcame-

561 3794 803 3883 Hermandusd)
824 3796 878 3863 dei
898 3795 1004 3879 gratia
1014 3794 1295 3861 Halberstadensis
1312 3796 1446 3861 ecclesie
1460 3796 1628 3882 episcopus
1645 3800 1793 3868 omnihus

480 3888 637 3954 audituris
663 3893 826 3969 presentes
852 3885 976 3951 litteras
1000 3903 1056 3949 seu
1085 3884 1202 3949 visuris
1229 3883 1362 3949 salutem
1395 3885 1428 3949 in
1457 3885 1596 3951 omnium
1622 3889 1792 3957 salvatore.

481 3979 531 4043 Ne
557 3995 598 4043 ea
624 3974 785 4059 quatiunt
808 3976 843 4041 in
868 3980 1026 4059 tempore,
1053 3972 1150 4037 ullam
1176 3971 1347 4037 oblivionis
1373 3973 1586 4059 calumpniam
1614 3978 1793 4063 paciantur,

480 4064 613 4150 expedit
639 4082 679 4130 et
705 4065 834 4148 scriptis
862 4063 1033 4127 autenticis
1058 4080 1098 4126 nc
1124 4060 1251 4125 testium
1277 4061 1563 4145 subscriptionibus
1590 4066 1791 4148 perbennari.

481 4156 565 4221 Hine
584 4160 645 4235 est,
665 4152 750 4237 qnod
762 4152 972 4239 'presentibus
992 4151 1121 4233 publice
1142 4156 1365 4234 protestamur,
1392 4151 1475 4234 quod
1497 4154 1663 4220 ecclesiam
1684 4176 1793 4242 parro-

480 4244 616 4311 chialem
643 4244 677 4307 in
697 4243 873 4311 Waterlere
898 4240 1033 4307 ecclesie
1066 4240 1099 4302 in
1125 4238 1260 4304 Huslsre
1287 4238 1519 4325 incorporatum
1551 4242 1593 4307 ad
1623 4244 1791 4311 ecclesiam

479 4334 582 4401 sancti
603 4332 755 4399 lobannis
774 4339 866 4399 extra
890 4348 995 4395 muros
1016 4326 1303 4394 Halberstadcnses
1327 4347 1392 4395 nna
1413 4348 1485 4395 enm
1511 4330 1578 4395 iure
1604 4338 1792 4415 patronatus

479 4442 518 4490 ac
538 4422 612 4489 aliis
631 4422 752 4489 iuribus
772 4420 930 4489 universis
950 4420 1018 4483 inre
1039 4415 1249 4501 proprietario
1272 4416 1358 4483 nullo
1379 4417 1484 4483 medio
1512 4419 1724 4502 pertinentem
1750 4421 1791 4489 de
