4459 5167
521 321 574 379 278
774 324 1060 381 Cistercienserinnen-
1079 323 1297 394 (Heiligcnblut)
1314 322 1573 379 KlosterWaterler.

517 476 676 540 solucione
698 473 851 538 dictorum
872 473 1062 537 rnaldrorum
1084 474 1201 554 aliquis
1222 474 1316 537 luerit
1336 473 1488 552 delectus,
1508 480 1624 539 extunc
1641 474 1828 556 capellanus

519 566 573 647 qui
603 585 658 647 pro
688 574 828 646 tempore
855 565 949 627 tuerit
976 563 1100 629 colendi
1131 563 1288 645 predictos
1316 583 1442 629 mansus
1471 583 1528 646 per
1552 582 1587 628 se
1610 582 1665 626 seu
1698 564 1828 631 locandi

519 654 627 733 alteri,
654 659 747 737 prout
771 652 834 717 sibi
861 653 1029 734 placuerit,
1054 652 1188 717 liberam
1214 651 1346 716 babebit
1374 656 1571 735 potestatem.
1613 652 1672 717 Cui
1697 652 1828 735 quidem

518 743 684 827 capellano
718 742 847 824 suisque
888 742 1122 807 successoribus
1162 741 1397 823 assignabimus
1434 742 1629 807 mansionem
1666 741 1697 806 in
1738 745 1829 807 curia

520 839 627 898 nostra
659 837 904 914 competentem3
937 831 1027 897 cuius
1063 831 1165 895 eciam
1198 830 1355 913 capellani
1389 849 1577 913 suorumque
1611 849 1828 897 suceessorum

520 921 753 987 institucionem
774 939 830 985 seu
851 921 1065 1003 provisionem
1085 920 1267 1003 sepedictus
1283 920 1428 985 domiuus
1449 918 1606 984 lohannes
1626 940 1664 985 ac
1681 920 1830 985 dominus

522 1009 685 1077 Comedus
712 1009 753 1074 de
781 1008 983 1089 Hildensem,
1015 1016 1186 1091 perpetuus
1215 1008 1353 1073 vicarius
1379 1008 1512 1073 ecclesie
1540 1009 1829 1090 Halberstadensis,

519 1102 643 1179 fratres,
664 1098 813 1180 quamdiu
830 1098 942 1163 vivunt
953 1098 1086 1163 liberam
1104 1097 1294 1179 retinebunt,
1313 1096 1363 1161 vel
1377 1098 1457 1161 alter
1470 1098 1617 1181 ipsorum,
1631 1098 1829 1180 quidiucius

520 1188 739 1273 supervixerit.
782 1186 865 1269 ipsis
888 1205 963 1249 vero
982 1185 1118 1250 sublatis
1139 1184 1179 1249 de
1200 1182 1319 1265 medio,
1353 1185 1394 1247 ad
1420 1184 1615 1250 abbatissam
1644 1188 1829 1253 monasterii

520 1278 619 1343 nostri
641 1276 802 1341 institucio
823 1294 878 1338 seu
900 1274 1040 1357 provisio
1061 1274 1207 1358 predicta
1229 1273 1405 1358 pertinebit.
1432 1274 1495 1351 Qui
1509 1276 1693 1358 capellanus
1714 1278 1829 1358 suique

519 1384 717 1433 successores
742 1364 784 1427 ad
808 1369 941 1446 quatuor
967 1365 1136 1429 memorias
1162 1365 1300 1428 omnium
1327 1363 1467 1428 fidelium
1488 1362 1718 1441 defunctorum,
1748 1384 1829 1445 quas

521 1458 662 1540 prefatus
690 1454 838 1518 dominus
866 1453 1023 1517 lohannes
1049 1472 1106 1535 per
1135 1459 1321 1517 conventum
1350 1460 1489 1517 nostrum
1515 1452 1608 1519 annis
1633 1454 1830 1535 quibuslibet

521 1547 615 1613 certis
641 1543 836 1627 temporibus
867 1562 937 1606 cum
964 1542 1087 1624 vigiliis
1113 1562 1151 1607 ac
1178 1543 1284 1607 missis
1312 1543 1487 1607 animarum
1519 1542 1736 1626 sollempniter
1761 1564 1829 1627 per-

520 1634 664 1718 agendas
698 1632 847 1711 instituit,
881 1652 937 1715 pro
968 1634 1188 1697 consolacione
1217 1630 1365 1697 habenda
1390 1631 1423 1694 in
1450 1630 1544 1695 dictis
1570 1631 1729 1697 memoriis
1757 1652 1829 1697 con·-

521 1724 629 1789 ventui
650 1729 757 1787 nostro
778 1740 873 1785 unam
889 1740 1027 1784 marcam
1039 1722 1159 1785 usualis
1175 1720 1309 1802 argenti,
1331 1718 1453 1783 scilicet
1466 1720 1498 1782 iu
1514 1718 1657 1801 qualibet
1676 1722 1829 1785 memoria

521 1834 616 1879 unum
636 1814 788 1877 fertonem
811 1809 953 1875 eiusdem
974 1810 1107 1892 argenti,
1133 1810 1226 1875 annis
1247 1809 1381 1891 singulis
1402 1807 1572 1873 secundum
1590 1808 1828 1875 ordinacionem

521 1902 740 1987 prememorati
776 1898 897 1963 domini
928 1898 1079 1963 Iohannis
1116 1897 1349 1963 ministrabunt.
1401 1899 1535 1978 Insuper
1566 1899 1829 1979 recognoscimus,

520 1990 605 2074 qnod
625 1988 800 2073 prelibatus
820 1987 966 2051 dominus
982 1988 1140 2053 lohannes
1160 1986 1355 2072 prebendam
1371 2005 1465 2050 unam
1481 1985 1522 2051 ad
1543 2007 1685 2053 mensam
1706 1987 1829 2053 domini

520 2078 675 2164 prepositi
697 2076 795 2142 nostri
816 2075 879 2158 ipsi
900 2076 1066 2159 capellano
1094 2076 1222 2157 suisque
1249 2075 1482 2141 successoribus
1503 2075 1535 2138 in
1557 2084 1742 2160 perpetuum
1765 2098 1828 2143 una

519 2188 590 2233 cum
605 2167 676 2249 ipso
687 2165 848 2250 preposito
868 2171 974 2229 nostro
991 2166 1234 2230 ministrandam
1253 2185 1309 2248 pro
1331 2171 1416 2229 certa
1437 2184 1559 2229 summa
1579 2165 1714 2249 pecunie
1736 2166 1829 2232 nobis

507 2254 717 2338 integraliter
739 2254 900 2337 persoluta
920 2273 958 2317 ac
979 2253 1012 2319 iu
1036 2273 1110 2320 usus
1132 2255 1315 2319 monasterii
1336 2254 1435 2319 nostri
1456 2274 1609 2319 conversa
1622 2257 1828 2338 comparavit,

519 2364 581 2427 que
592 2342 765 2427 prebenda,
781 2342 855 2405 siin
872 2362 982 2407 mensa
998 2344 1151 2428 prepositi
1165 2344 1264 2407 nostri
1276 2343 1441 2428 capellano
1455 2344 1582 2424 suisque
1593 2344 1828 2409 successoribus

521 2434 571 2499 vel
586 2432 681 2497 alicui
696 2433 837 2516 ipsorum
851 2451 914 2497 non
928 2439 1129 2514 competeret,
1149 2439 1224 2497 tunc
1241 2433 1282 2497 ad
1294 2433 1527 2497 habitacionem
1544 2432 1645 2515 ipsius
1658 2433 1828 2517 capellani,

522 2523 575 2606 qui
590 2541 646 2605 pro
668 2527 808 2604 tempore
829 2520 932 2594 fuerit,
954 2519 1082 2585 dabitur
1102 2521 1244 2603 qualibet
1265 2520 1478 2586 diminucione
1499 2528 1652 2587 cessante.
1693 2520 1744 2585 Ad
1766 2541 1827 2605 que

520 2613 627 2677 omnia
648 2618 679 2676 et
700 2611 828 2693 singula
847 2610 1030 2692 supradicta
1057 2611 1221 2695 perpetuis
1248 2609 1441 2692 temporibus
1467 2609 1602 2675 fideliter
1628 2610 1828 2676 observanda

521 2720 579 2766 uos
610 2707 810 2781 nostrumque
839 2699 1063 2762 monasterium
1099 2699 1301 2784 presentibus
1333 2698 1521 2781 obligamus.
1579 2697 1619 2761 Et
1652 2705 1687 2762 nt
1720 2701 1828 2763 omnia

519 2789 704 2873 supradicta
732 2795 803 2851 rata
835 2793 866 2851 et
901 2786 991 2851 firma
1019 2793 1227 2870 permancant
1255 2807 1293 2852 ac
1325 2788 1357 2851 in
1391 2794 1576 2871 perpetuum
1600 2786 1829 2854 inviolabiliter

520 2880 741 2958 observentur,
768 2883 947 2962 presentem
969 2878 1121 2959 pagiuam
1143 2877 1175 2939 in
1198 2875 1410 2942 testimonium
1433 2882 1464 2940 el
1485 2876 1579 2941 robur
1598 2879 1736 2943 omnium
1759 2898 1829 2962 pre·

521 2970 687 3033 missorum
708 2967 883 3032 conlectam
904 2965 1080 3047 sigillorum
1101 2972 1285 3046 nostrorum,
1310 2965 1459 3029 videlicet
1480 2966 1644 3049 prepositi,
1665 2966 1827 3032 abbatisse

521 3078 561 3123 ac
584 3061 758 3123 conventus
779 3053 877 3120 nostri
897 3053 1069 3119 munimine
1090 3054 1238 3121 duximus
1262 3052 1480 3119 roborandum.

603 3144 721 3209 Datum
742 3164 827 3209 anno
846 3142 967 3207 domini
988 3142 1277 3218 M⁰CCC⁰XXVH⁰‚
1299 3149 1387 3208 sento
1408 3143 1565 3208 kalendas
1586 3143 1715 3227 Aprilis.

598 3261 702 3315 Uram.
718 3260 809 3313 Wera.
845 3258 907 3312 Dua
925 3258 1033 3325 Proper·
1049 3276 1078 3312 a.
1098 3260 1365 3328 Admrrmmchl
1385 3276 1407 3313 r.
1429 3258 1488 3325 Tus.
1508 3259 1556 3326 11,
1579 3258 1631 3314 Nr.
1651 3265 1686 3315 16
1707 3262 1826 3316 uad18.

522 3332 586 3387 Das
603 3330 809 3399 &ammei
826 3329 862 3383 ior
881 3329 956 3383 abac
973 3330 1047 3383 πιών
1063 3329 1225 3383 rcrbcadea.

522 3488 632 3571 1327.
661 3486 901 3571 November
917 3485 985 3570 30.
1763 3491 1824 3573 81.

623 3620 687 3686 Dr'e
715 3641 775 3685 von
802 3620 888 3685 Beclr
912 3622 1006 3702 geben
1036 3620 1264 3685 deanloslcr
1293 3620 1445 3685 Waterler
1475 3624 1535 3686 rios
1562 3623 1752 3704 Eiportlram
1782 3646 1826 3688 on

622 3719 697 3783 acori
718 3718 830 3799 Hufen
852 3738 893 3782 aa
913 3718 999 3783 Beck
1019 3720 1066 3783 bei
1082 3718 1255 3795 Osterwieb,
1277 3738 1381 3783 wcuoa
1394 3720 1534 3803 jdbrlr'cb
1555 3721 1606 3783 cic
1621 3722 1700 3786 Loth
1712 3720 1827 3785 Silaos

621 3818 658 3880 irc
680 3817 731 3880 die
749 3814 912 3881 Kiistcrei'
918 3816 1046 3897 gegeben
1066 3816 1189 3879 werden
1209 3816 1274 3880 soll.

602 3942 638 4006 lu
658 3942 786 4007 nomine
806 3941 926 4007 domini
943 3960 1045 4005 amen.
1086 3941 1138 4006 Nc
1160 3961 1213 4021 ea,
1235 3961 1295 4023 que
1317 3942 1358 4008 ab
1380 3942 1561 4008 hominibus
1587 3950 1672 4009 reete
1693 3964 1732 4009 ac
1752 3943 1827 4009 fide·

522 4033 595 4097 liter
624 4037 775 4114 aguntur,
809 4032 1020 4097 inconstantis
1055 4030 1154 4095 animi
1181 4031 1364 4113 malignitas
1391 4032 1546 4114 infringat
1573 4052 1627 4099 seu
1659 4032 1828 4099 oblivionis

520 4122 685 4207 scrupulus
708 4121 815 4187 deleat
835 4128 867 4185 et
886 4121 1063 4201 abstergat,
1084 4120 1201 4185 bonum
1221 4127 1270 4186 est
1290 4128 1322 4185 et
1342 4120 1435 4201 utile,
1456 4129 1490 4187 ut
1510 4121 1637 4205 scriptis
1657 4123 1826 4187 autenticis

520 4212 767 4296 perhennentur,
798 4217 831 4274 ut
856 4229 926 4273 cum
954 4228 1084 4292 presens
1109 4208 1271 4274 hominum
1296 4210 1448 4275 memoria
1477 4208 1644 4293 defecerit,
1672 4212 1826 4295 scripture

520 4300 700 4365 testimonio
730 4300 848 4363 sactum
880 4306 1066 4382 perpetuam
1093 4299 1274 4364 contineat1
1301 4298 1491 4365 firmitatem.
1538 4300 1621 4365 Hinc
1651 4306 1713 4380 est,
1741 4298 1824 4382 quod

519 4408 578 4455 nos
598 4388 695 4452 frater
715 4386 903 4451 Fredericus
922 4387 955 4451 in
977 4386 1166 4468 Waterlere,
1188 4387 1377 4453 Thidericus
1398 4394 1430 4454 et
1449 4388 1599 4455 Himicus
1619 4390 1727 4455 famuli
1749 4388 1825 4455 dicti

519 4475 561 4541 de
578 4476 670 4541 Bbek
689 4476 802 4542 tratres
822 4495 861 4541 ac
881 4474 1025 4544 lohanna
1045 4496 1134 4545 soror
1154 4482 1275 4557 nostra,
1297 4476 1446 4545 monialis
1466 4477 1499 4543 iu
1520 4477 1696 4559 Adesleve,
1719 4484 1825 4546 tenore
