4459 5167
1215 320 1308 373 Nr.
1350 320 1589 373 38—41.
1630 337 1676 374 a.
1712 320 1849 373 1298
1878 320 2098 379 -1307,
2857 322 2959 376 123

341 467 547 620 sig'illi
608 467 734 532 mei
800 467 1177 550 munimine,
1259 489 1397 534 cum
1443 470 1654 534 ‘frater
1722 489 1897 534 meus
1963 470 2175 550 sigillo
2243 475 2485 550 careat,
2562 467 2958 535 decrevimus

340 577 414 622 ro
460 575 663 620 orare.

510 646 746 710 Datum
789 666 954 710 anno
1002 647 1241 711 domini
1287 647 1639 722 M⁰CCC⁰I⁰‚
1687 648 1873 712 vluo
1916 649 2226 714 kalendas
2269 650 2554 731 Augusti.

492 764 768 830 Abschrift
802 762 893 816 des
929 768 1013 817 15.
1049 765 1240 819 Jahrh.
1279 768 1383 832 aul
1416 767 1537 820 sehr
1570 769 1751 834 festam
1792 767 1986 834 Papier
2020 767 2095 819 im
2131 765 2476 820 Stadtarchiv
2508 783 2578 819 zu
2617 767 2798 821 Wern.

344 1007 586 1090 1306.
612 989 1142 1110 ‘September
1177 1013 1297 1094 15.
1403 1011 1993 1094 Halberstadt.
2819 1012 2958 1095 40.

553 1143 872 1219 Albi-eolat,
930 1145 1204 1227 Bischof
1230 1168 1347 1210 ἰὀη
1390 1147 1818 1224 Balberstadt,
1878 1151 2157 1229 qestattd
2198 1145 2319 1210 den
2363 1147 2760 1227 Azcyzcstc'ner
2801 1146 2962 1210 Ein-

550 1241 820 1305 sicdlcrn
835 1292 852 1319 ‚
919 1243 1245 1308 inncrlealb
1313 1245 1512 1309 seinos
1567 1243 1893 1325 Sprenycls
1955 1266 2072 1308 von
2137 1245 2338 1326 jedem
2390 1243 2755 1325 E1·2be'schof
2816 1244 2964 1308 oder

554 1338 817 1422 Bischof
855 1341 1165 1421 yeistlicho
1213 1341 1466 1405 ”hillen
1507 1363 1590 1406 zu
1632 1345 2021 1424 empfanyen.

516 1456 813 1521 Albertus
863 1454 965 1520 dei
1021 1457 1231 1538 gratia
1274 1457 1830 1521 Halberstadensis
1883 1457 2152 1522 ecclesie
2207 1457 2545 1539 episcopus
2605 1457 2669 1521 in
2714 1457 2963 1524 Christo

351 1544 606 1608 dilectis
656 1551 720 1608 et
758 1545 1007 1610 devotis
1052 1599 1062 1610 .
1114 1592 1125 1605 .
1172 1547 1486 1629 prioribus
1527 1553 1591 1612 et
1640 1547 1937 1612 fratribus
1993 1547 2316 1612 heremitis
2357 1546 2669 1611 universis
2727 1547 2966 1612 ordinis

349 1633 557 1697 sancti
598 1634 937 1716 Augustini
992 1655 1105 1716 pcr
1158 1635 1760 1701 Halberstadensem
1818 1635 2120 1716 dyocesin
2178 1635 2536 1699 constitutis
2587 1637 2852 1701 salntem
2897 1637 2962 1699 in

351 1723 638 1805 Virginis
679 1722 825 1788 filio.
910 1723 1089 1787 Licet
1129 1724 1194 1788 in
1254 1724 1409 1788 locis
1465 1724 1785 1806 plerisque
1837 1724 2061 1788 fratres
2116 1723 2310 1787 vestri
2365 1723 2605 1788 ordinis
2661 1730 2963 1806 tanquam

351 1833 397 1876 a
451 1813 586 1876 suis
636 1813 899 1895 prelatis
956 1819 1021 1876 et
1075 1813 1502 1894 superioribus
1552 1812 1939 1897 approbatos
1996 1813 2188 1877 moris
2239 1813 2322 1875 sit
2368 1813 2568 1877 solere
2626 1813 2823 1897 recipi
2878 1813 2964 1878 ad

350 1920 571 1965 sacros
611 1901 865 1965 ordines
900 1908 963 1964 et
1003 1902 1271 1981 admitti,
1316 1908 1546 1979 tamen,
1583 1921 1661 1965 ne
1706 1921 1845 1965 cum
1883 1909 2139 1985 propter
2158 1920 2414 1966 causam
2459 1901 2836 1983 legittimam
2879 1903 2962 1967 ab

353 1995 654 2055 extranco
704 1991 1005 2075 episcopo
1049 2010 1262 2055 sacros
1308 1991 1561 2055 ordines
1618 1990 1927 2074 recepturi
1976 1990 2309 2074 patiamini
2367 1990 2719 2073 repulsam,
2775 2011 2962 2072 quam

349 2080 580 2143 fratres
622 2078 878 2160 qnidam
926 2080 1115 2144 vestri
1165 2079 1407 2144 ordinis
1448 2080 1827 2161 aliquotiens
1849 2085 1996 2143 sunt
2037 2080 2345 2162 perpessi,
2388 2079 2573 2143 vobis
2604 2085 2669 2143 et
2686 2087 2965 2144 vestrum

353 2167 617 2231 cuilibet
657 2169 1074 2251 indulgemuS‚
1118 2176 1185 2232 ut
1226 2184 1267 2233 a
1308 2188 1680 2251 quocunqne
1710 2168 2190 2252 archiepiscopo
2216 2187 2327 2232 seu
2352 2168 2656 2252 episcopo
2694 2168 2963 2250 gratiam

352 2254 528 2320 sedis
579 2258 926 2338 apostolice
988 2263 1052 2320 et
1120 2257 1565 2322 execucionem
1631 2258 1730 2322 sui
1793 2256 1987 2320 officii
2044 2255 2321 2320 habente
2383 2256 2698 2338 quoslibet
2751 2276 2965 2322 sacros

352 2344 613 2409 ordines
654 2346 934 2430 recipere
968 2346 1257 2411 valeatis.

518 2435 756 2499 Datum
828 2436 1221 2516 Halberstat‚
1318 2455 1485 2500 anno
1558 2434 1796 2500 domini
1863 2434 2286 2508 M⁰CCC⁰VI⁰‚
2375 2434 2592 2498 XVII⁰
2654 2434 2966 2501 kalendas

353 2523 665 2590 Octobris.

510 2640 719 2694 Urschr.
773 2642 949 2694 lVern.
1029 2641 1154 2695 Das
1202 2639 1367 2710 Sieyel
1410 2642 1481 2695 ist
1539 2641 1687 2694 nicht
1737 2638 2251 2694 mehr'wrhanden.
2350 2640 2466 2692 Von
2518 2641 2828 2694 atisserhalb
2880 2641 2968 2694 die

356 2711 671 2777 Aussclm‘st
707 2727 807 2765 von
841 2712 977 2764 alter
996 2711 1197 2764 Hand.-
1231 2713 1347 2767 Ista
1379 2721 1462 2767 est
1497 2713 1687 2767 littera
1709 2715 2006 2779 exceptum,
2044 2711 2183 2778 quod
2219 2710 2288 2764 ab
2323 2711 2466 2764 omni
2504 2712 2750 2779 episcopo
2784 2713 2967 2766 catho-

353 2782 459 2835 lico
495 2796 765 2848 possumus
799 2782 1049 2836 ordinari.

359 2935 585 3019 1307.
639 2936 893 3038 April
924 2939 993 3019 1.
2840 2940 2965 3020 41,

562 3071 835 3153 Siysrid,
909 3072 1173 3154 Bischot
1242 3092 1359 3136 von
1433 3071 1843 3147 Hildesheim‚
1919 3073 2331 3135 transsumirt
2402 3073 2538 3136 eine
2605 3072 2801 3137 Bane
2861 3074 2970 3136 des

566 3168 827 3249 Papstes
867 3168 1253 3251 Bonifacius
1287 3169 1500 3245 Vm,
1540 3189 1668 3250 909.
1709 3170 1799 3232 im
1842 3169 2123 3233 Latet-an
2167 3174 2268 3234 21.
2310 3169 2573 3234 Januar
2612 3174 2807 3245 1302,
2850 3190 2969 3233 wo-

563 3268 669 3329 rin
710 3267 975 3331 clerselbe
1016 3268 1134 3330 den
1177 3272 1548 3348 yesammtcn
1593 3267 1988 3348 Auyustiner
2031 3266 2579 3331 Einsiedlerorden
2619 3266 2718 3329 als
2737 3266 2968 3348 Eiyen-

562 3365 736 3427 thum
772 3366 878 3429 des
918 3365 1182 3446 heiliqen
1209 3364 1432 3427 Petrus
1472 3365 1816 3445 aufnimmt
1854 3365 1992 3426 und
2032 3365 2352 3428 denselben
2393 3365 2505 3427 mit
2548 3364 2714 3428 allen
2756 3365 2967 3428 semen

563 3462 845 3525 Kirchen
883 3464 1022 3525 und
1067 3463 1312 3527 Giltern
1353 3483 1469 3526 von
1505 3462 1678 3541 jeder
1724 3460 2246 3526 Gerichtsbarkeit
2289 3463 2523 3544 befreit.

520 3577 657 3642 Nos
696 3577 974 3643 Sifridus
1030 3578 1135 3643 dei
1187 3579 1399 3662 gratia
1438 3576 1979 3643 Hildensemensis
2031 3578 2297 3643 ecclesie
2335 3578 2671 3660 episcopus
2713 3576 2967 3659 publice

361 3667 763 3751 presentibus
821 3674 1268 3749 protestamur,
1336 3668 1504 3749 quod
1567 3668 1809 3732 litteras
1873 3666 2261 3731 sanctissimi
2333 3667 2396 3730 in
2466 3665 2715 3731 Christo
2766 3666 2968 3748 patris

359 3756 604 3821 domini
653 3755 969 3820 Bonifacii
1024 3776 1189 3839 pape
1244 3756 1454 3820 octavi
1510 3756 1625 3820 sub
1678 3774 1833 3819 vera
1874 3754 2051 3820 bulla
2094 3754 2420 3838 plumbea,
2476 3753 2581 3818 filo
2632 3754 2832 3818 serico
2876 3753 2969 3817 in-

360 3854 569 3926 tegr0‚
625 3865 747 3909 non
793 3844 1202 3924 cancellatas,
1259 3864 1383 3909 non
1435 3844 1708 3908 abolitas
1749 3863 1867 3907 nec
1916 3844 1984 3908 in
2042 3843 2262 3925 aliqua
2311 3845 2408 3907 sui
2465 3849 2644 3927 parte
2697 3843 2971 3908 viciatas

363 3935 758 3999 continencie
800 3933 1075 3998 vidimus
1118 3934 1548 4016 infrascripte:

638 4023 1006 4086 Bonifacius
1058 4023 1397 4107 episcopus
1466 4041 1682 4087 servus
1736 4042 2058 4086 servorum
2101 4021 2206 4087 dei
2279 4020 2531 4085 dilectis
2577 4020 2727 4085 filiis
2773 4020 2968 4104 priori

562 4111 852 4193 generali
910 4117 972 4174 et
1025 4111 1336 4175 universis
1383 4109 1695 4192 prioribus
1763 4116 1827 4174 et
1883 4110 2180 4174 fratribus
2231 4108 2475 4173 ordinis
2524 4108 2966 4173 heremitarum

563 4200 767 4266 sancti
808 4201 1147 4282 Augustini
1204 4206 1334 4264 tam
1399 4198 1795 4282 presentibus
1856 4217 2044 4280 quam
2099 4197 2326 4260 futuris
2369 4197 2732 4279 religiosam
2773 4199 2971 4262 vitam

567 4289 869 4371 professis
910 4290 1177 4353 salutem
1218 4296 1281 4352 et
1316 4287 1726 4370 apostolicam
1761 4286 2283 4350 benedictionem.
2354 4286 2550 4350 Sacer
2588 4285 2742 4351 ordo
2762 4292 2973 4352 vester

568 4379 631 4441 in
678 4398 832 4459 agro
873 4376 1187 4442 dominico
1230 4375 1452 4440 divina
1493 4375 1908 4459 dispositione
1951 4375 2275 4457 plantatus
2327 4374 2695 4456 apostolicis
2735 4375 2972 4454 graciis

566 4466 760 4548 digne
804 4472 1071 4530 meretur
1124 4466 1361 4546 attolli;
1418 4465 1593 4529 cuius
1646 4464 2029 4547 professores
2079 4462 2417 4528 mundanis
2469 4484 2510 4527 a
2560 4483 2629 4528 se
2670 4463 2970 4545 relegatis
