4459 5167
864 344 911 405 Nr.
929 346 1042 403 ‹tt-oc.
1060 365 1085 407 a
1107 343 1287 406 rma-leot.
1680 341 1731 404 145

423 498 681 565 constitutionem
708 496 828 565 domini
848 497 1005 565 Bonifacii
1031 518 1116 584 pape
1137 498 1223 563 VIII.
1245 518 1341 581 super
1371 498 1526 565 cathedra
1545 499 1732 564 innovatam

423 608 482 673 per
498 589 751 653 constitutionem
765 587 1005 669 Clementiuam,
1026 608 1087 671 quo
1113 588 1227 673 incipit
1247 588 1425 667 „Dudnm“‚
1453 608 1510 672 por
1529 606 1619 653 suum
1639 606 1732 671 supe·

421 678 538 743 riorem
559 678 680 743 eteius
700 676 833 741 nuncios
854 676 946 741 nobis
967 676 1078 743 iutime
1101 684 1310 761 presentatus,
1331 676 1374 741 ad
1393 686 1483 742 actus
1498 676 1649 741 videlicet
1664 696 1733 760 pre

423 765 597 829 dicationis
626 771 658 829 et
683 764 906 845 confessionis,
939 764 993 849 qui
1022 764 1101 850 ipsis
1133 784 1175 831 ex
1204 774 1312 831 tenore
1338 784 1464 831 suorum
1494 765 1734 851 privilegiorum

346 890 351 897 ·
424 855 527 919 libere
549 853 764 935 indulgentur,
792 874 849 938 per
871 860 995 919 nostras
1017 854 1165 919 civitates
1192 862 1225 917 et
1248 852 1402 919 diocesim
1427 853 1576 919 duximus
1595 852 1736 936 gratiose

424 942 655 1023 admittendos,
686 944 871 1009 mandantes
898 942 989 1009 vobis
1023 944 1169 1009 omnibus
1194 950 1226 1008 et
1254 944 1391 1027 siugulis
1418 943 1452 1009 in
1479 944 1595 1009 virtute
1622 950 1734 1009 sancte

422 1031 606 1097 obedIentie
631 1032 689 1097 sub
719 1051 803 1115 pena
818 1032 1035 1117 suspensionis
1055 1032 1199 1099 dIstriote
1209 1032 1431 1117 precipiendo,
1451 1040 1607 1115 quatenus
1619 1032 1734 1097 iratres

423 1119 588 1205 predictos
607 1119 639 1183 in
661 1119 775 1185 vestris
797 1122 956 1204 parochiis
977 1128 1009 1185 et
1030 1122 1174 1187 ecclesiis
1194 1122 1227 1185 iu
1239 1122 1362 1187 actibus
1372 1121 1562 1197 salubribus,
1583 1120 1734 1187 videlicet

424 1206 697 1290 predicationibus
718 1208 884 1291 iaciendis,
905 1210 1157 1277 confessionibus
1170 1210 1350 1291 audiendis,
1372 1210 1734 1295 penitentiisiuiungeu·

424 1296 485 1377 dis,
507 1296 634 1361 casibus
655 1305 759 1361 tamon
783 1299 926 1383 exceptis
947 1300 1128 1365 diocesauis
1148 1300 1286 1365 locorum
1308 1299 1427 1365 deiure
1441 1299 1493 1363 vel
1506 1298 1735 1363 consuetudine

425 1386 611 1465 reservatis,
640 1405 784 1451 necnon
813 1387 845 1451 in
876 1388 980 1452 missis
1008 1389 1074 1453 suis
1100 1388 1245 1471 legendis
1274 1396 1306 1455 et
1331 1387 1538 1473 petitionibus
1567 1384 1734 1465 iaciendis,

425 1494 496 1539 cum
509 1474 550 1538 ab
561 1474 609 1537 eis
620 1475 761 1555 requisiti
783 1476 915 1557 liueritis,
932 1480 1000 1543 sine
1022 1478 1209 1544 difficultate
1221 1478 1364 1561 qualibet
1377 1476 1565 1557 admittatis,
1588 1474 1736 1561 scientes,

425 1562 526 1645 quod,
546 1562 575 1627 si
606 1582 809 1646 aqnoquam
838 1574 975 1631 vestrum
1002 1569 1193 1631 contrarium
1221 1567 1316 1633 tuerit
1341 1570 1577 1648 attemptatum,
1603 1562 1664 1628 boo
1694 1581 1736 1627 ex

425 1650 647 1715 commissione
661 1652 747 1717 sedis
757 1654 930 1737 apostoIIce
941 1655 1034 1721 nobis
1047 1656 1133 1721 iacta
1147 1656 1291 1721 volumus
1303 1655 1413 1721 debita
1423 1673 1557 1719 censura
1567 1652 1734 1733 corrigere,

427 1748 462 1803 ut
482 1748 632 1805 tenemur.
674 1740 807 1824 Insuper
829 1742 987 1826 prioribus
1007 1744 1179 1809 antedictis
1198 1746 1411 1810 concessimus
1425 1751 1532 1807 nostra
1546 1740 1735 1806 auctoritate

425 1828 599 1906 ordinaria,
615 1828 733 1910 quodsi
753 1829 874 1912 aliquot
883 1833 995 1896 iratres
1012 1831 1166 1897 dIctorum
1178 1841 1387 1898 conventuum
1400 1830 1513 1895 mutari
1526 1829 1733 1912 contingeret,

425 1916 512 1999 quod
540 1917 603 2000 ipsi
629 1917 709 1981 allos
732 1918 845 1983 l'ratres
864 1920 904 1983 de
925 1920 1020 1985 dictis
1045 1921 1254 1987 conventibus
1280 1920 1422 2005 ydoneos
1442 1919 1494 1983 vel
1520 1916 1650 1983 allunde
1678 1935 1736 1999 per

425 2024 500 2071 suos
523 2006 700 2087 superiores
719 2008 851 2074 emissos
872 2010 994 2092 possint
1022 2010 1210 2075 auctoritate
1236 2010 1284 2075 eis
1309 2010 1343 2075 in
1370 2008 1432 2073 hac
1462 2013 1553 2091 parte
1575 2023 1736 2085 concessa,

425 2095 556 2178 quaudo
571 2096 729 2177 eisyisum
750 2097 853 2179 fuerit,
873 2100 907 2163 in
932 2098 1032 2163 locum
1049 2100 1161 2165 mutati
1183 2100 1365 2181 subrogare.
1395 2097 1540 2161 Cetemm
1551 2094 1735 2179 ampliorem

424 2184 565 2267 gratiam
585 2183 680 2249 dictis
700 2185 848 2253 lintribus
874 2189 977 2253 facere
1000 2188 1179 2273 cupientes,
1205 2188 1350 2254 omnibus
1371 2204 1446 2252 vere
1466 2184 1683 2269 penitentibus
1702 2192 1736 2250 et

426 2274 591 2353 confessis,
611 2273 665 2354 qui
687 2272 781 2339 dictis
802 2276 952 2341 fratribus
963 2278 1034 2360 pias
1045 2278 1236 2343 elemosinas
1251 2276 1462 2361 irrogaverint
1474 2275 1525 2340 vel
1541 2272 1584 2339 ad
1597 2272 1735 2338 fabricas

426 2363 568 2447 ipsorum
588 2360 710 2445 aliquid
732 2362 772 2428 de
793 2366 859 2429 suls
879 2365 1083 2433 facultatibus
1105 2367 1303 2448 contulerint,
1322 2382 1482 2433 sermones
1502 2382 1609 2429 eorum
1622 2361 1736 2427 devote

426 2449 605 2529 audierint,
632 2449 673 2515 da
700 2452 924 2535 omnipotentis
954 2454 1006 2519 dei
1036 2456 1143 2537 gratia
1174 2462 1206 2520 et
1232 2457 1418 2521 auctorItate
1447 2451 1534 2519 sedis
1561 2450 1736 2536 apostolice

427 2538 554 2617 confisi,
582 2538 623 2603 de
645 2539 786 2605 iniuncta
807 2541 854 2607 eis
875 2542 1051 2625 penitentia
1074 2544 1288 2626 quadraginta
1316 2542 1387 2609 dies
1407 2540 1674 2623 indulgentiarum
1702 2540 1735 2603 iu

427 2628 557 2692 domino
579 2627 766 2693 relaxamus.
807 2631 954 2712 Sigillum
975 2640 1114 2697 nostrum
1135 2632 1334 2717 presentibus
1353 2628 1566 2716 appendimus
1591 2629 1624 2694 in
1648 2629 1735 2693 testi·

428 2716 569 2781 monium
590 2717 821 2799 premissorum.

510 2805 628 2869 Datum
649 2804 683 2869 in
705 2814 808 2872 castro
827 2816 932 2875 nostro
953 2809 1186 2890 Maricnburcb,
1206 2810 1286 2875 XIII
1308 2808 1362 2875 die
1381 2808 1528 2891 Augusti,
1550 2826 1635 2873 anuo
1656 2806 1736 2871 nati·

428 2895 539 2959 vitatis
559 2893 679 2958 domini
702 2894 868 2961 millesimo
889 2896 1085 2979 CCOtesimo
1106 2899 1309 2980 sexagesimo
1330 2898 1430 2963 tertio.

502 3008 582 3063 chr.
603 3011 634 3062 in
656 3010 748 3064 Joacls.
772 3010 868 3066 Tbeod.
887 3012 1082 3067 Liclutcastcins
1107 3014 1185 3082 epist.
1209 3019 1287 3069 sexta
1311 3014 1453 3068 observatt
1482 3012 1676 3081 histor-juria
1701 3028 1737 3067 ex

428 3082 580 3147 diplomatt
598 3080 855 3137 HelmstadIcnaibus
874 3082 969 3138 sistens
988 3084 1031 3136 Bt.
1046 3074 1233 3139 sul—133⁸.

431 3325 544 3407 1367.
571 3323 698 3425 April
717 3326 752 3406 1.
780 3324 1082 3424 Langeustcln.
1666 3322 1734 3404 bb.

533 3456 819 3539 Biscbofdlbrecbt
839 3478 897 3522 voa
910 3458 1111 3523 Halbcrstadt
1128 3460 1269 3541 bcddtr'pt
1280 3460 1340 3523 deu
1353 3456 1736 3537 ductamina-Eranusa

531 3555 634 3617 seiaer
653 3552 781 3618 Didccsc
800 3554 862 3618 ulle
874 3555 1061 3637 Pricilcpien
1082 3559 1151 3622 und
1173 3556 1394 3637 indulgentes,
1415 3560 1491 3621 sciat
1510 3556 1562 3619 dic
1581 3554 1662 3620 aaut
1682 3557 1738 3619 der

535 3650 822 3717 Peccatores
841 3654 879 3719 K
882 3656 994 3718 distem
1016 3654 1199 3731 Helmstcdt,
1222 3654 1497 3737 Himmelpfortcn‚
1522 3654 1736 3734 &abachum

533 3750 602 3813 aad
623 3748 864 3831 Sospcrlsuusen
884 3754 952 3833 fast,
971 3757 1110 3833 pestottct
1129 3752 1198 3816 dcta
1219 3751 1451 3833 Mupdoburper
1471 3750 1510 3814 K
1512 3748 1602 3814 asser
1622 3754 1645 3814 3
1664 3748 1738 3813 Ter-

533 3848 690 3911 miruuricn
712 3848 746 3911 ia
767 3850 869 3913 scissor
889 3848 1017 3914 Didccse
1036 3850 1106 3914 aad
1123 3850 1189 3931 piot
1209 3849 1286 3914 aod»
1306 3848 1475 3913 mosam
1497 3846 1621 3913 Ablata

513 3962 661 4029 Albertus
687 3962 739 4029 dei
763 3966 870 4047 gratia
895 3968 1067 4049 apostolice
1088 3966 1175 4032 sedis
1195 3967 1313 4031 electus
1333 3971 1365 4029 et
1385 3962 1586 4029 confirmatus
1606 3961 1739 4027 Halber·

431 4052 593 4117 stadensis
613 4052 746 4118 ecclesie
765 4054 933 4139 episcopus
955 4057 1113 4139 religiosis
1137 4055 1214 4119 viris
1228 4053 1385 4138 prioribus
1399 4053 1576 4135 ceterisque
1590 4051 1740 4117 fratribus

434 4141 655 4208 heremitarum
677 4140 797 4207 ordinis
811 4144 824 4224 ll
839 4164 863 4207 s.
876 4145 1047 4225 Augustini
1063 4152 1169 4210 nostre
1190 4142 1337 4226 dyocesis
1359 4140 1557 4226 presentibus
1573 4148 1605 4207 et
1619 4139 1740 4205 futuris.

433 4230 633 4297 Universalis
649 4231 782 4296 eoeleste
796 4233 890 4297 vinee
906 4232 1051 4299 dominns
1061 4234 1155 4299 lesus
1167 4232 1312 4297 Christus
1328 4230 1361 4295 iu
1378 4230 1475 4296 vinea
1494 4250 1519 4295 s
1535 4249 1592 4296 sue
1607 4227 1741 4293 ecclesie

432 4320 569 4385 cultores
591 4338 683 4385 veros
711 4339 770 4385 sua
801 4320 961 4403 sapientia
986 4320 1110 4386 infinita
1130 4340 1187 4385 vos
1214 4319 1392 4394 ordinavit,
1420 4319 1475 4401 qui
1496 4318 1621 4403 pompis
1642 4316 1741 4382 seculi

432 4408 694 4474 abrenuntiumtcs
728 4411 942 4495 spectaculum
971 4412 1089 4476 mundo
1116 4410 1193 4475 t'aoti
1216 4408 1307 4487 estis,
1338 4409 1407 4472 eius
1439 4406 1568 4473 vineam
1602 4407 1742 4471 colentes

432 4500 499 4581 iugi
520 4498 681 4565 famulatu.
721 4498 905 4583 Eapropter,
926 4500 1139 4580 dilectissimi,
1160 4517 1199 4561 ex
1220 4496 1390 4580 pastoralis
1405 4493 1501 4560 officii
1520 4494 1741 4573 sollicitudine,

485 4604 808 4655 catarnaum-enan.
823 4606 869 4647 xv.
1509 4596 1542 4649 10
