4459 5167
1318 310 1409 363 Nr.
1450 312 1674 362 523—55
1711 329 1757 363 a.
1803 312 1950 363 1307.
2871 311 2939 362 39

329 492 556 573 1307.
613 493 1084 575 December
1125 494 1241 575 15.
1352 494 1935 575 Halberstadt.
2812 496 2941 577 55.

538 625 879 689 Burdmrd
926 649 1037 691 von
1082 628 1591 709 Barbyklschenkt
1642 630 1777 691 clem
1833 630 2161 692 deutschen
2212 632 2419 692 (lt-den
2473 632 2651 693 elaten
2693 630 2838 711 Hos
2874 630 2941 692 in

533 725 644 786 der
699 724 919 805 Voytei‚
970 726 1106 789 eine
1156 725 1355 789 VVe‘ese
1395 747 1503 789 vor
1545 728 1656 790 der
1692 727 1873 791 stadt
1911 728 2049 790 und
2089 727 2496 807 filmfllufen
2540 728 2606 790 in
2630 727 2939 807 Erqstedt.

493 838 649 902 Cum
693 850 947 922 propter
988 841 1289 923 temporis
1329 842 1804 905 diuturnitatem
1841 863 1917 906 ae
1954 843 2225 906 humane
2271 841 2661 907 condicionis
2704 843 2945 924 fragili-

328 935 523 991 tatem
565 947 786 1008 eaque
827 927 982 992 fiunt
1023 929 1088 991 in
1117 940 1396 1012 tempore
1440 932 1800 994 amemoria
1822 931 2143 995 hominum
2163 933 2553 1012 frequentius
2594 931 2944 1011 elabantur,

330 1038 591 1082 necesse
635 1028 730 1083 est
788 1027 854 1082 ut
906 1020 1077 1083 facta
1131 1020 1448 1084 hominum
1510 1021 1574 1084 in
1627 1022 1865 1104 scripta
1920 1022 2243 1085 autentica
2297 1021 2681 1102 redigantur.
2781 1022 2945 1086 Hinc

329 1117 426 1170 est
465 1109 632 1189 quod
675 1128 789 1172 nos
833 1109 1231 1173 Borchardus
1273 1109 1503 1173 nobilis
1544 1109 1750 1173 dictus
1789 1110 1870 1173 de
1903 1110 2194 1193 Barboye
2237 1130 2364 1173 una
2406 1129 2546 1173 cum
2591 1109 2946 1174 honorabili

327 1197 589 1260 domina
634 1197 962 1261 Clementa
1005 1199 1273 1279 coniuge
1319 1205 1533 1262 nostra
1573 1207 1788 1264 tenore
1840 1199 2224 1283 presentium
2288 1198 2540 1282 publice
2582 1199 2944 1282 profitemur

329 1296 391 1348 et
437 1286 758 1365 omnibus,
815 1306 1075 1367 quorum
1119 1288 1379 1352 interest
1420 1295 1530 1351 aut
1574 1289 1801 1369 quibus
1844 1309 2029 1353 nosse
2077 1288 2265 1352 fuerit
2305 1296 2713 1370 oportunum,
2770 1288 2943 1370 cupi-

330 1395 469 1438 mus
533 1376 661 1440 fore
730 1385 978 1457 notum,
1045 1375 1213 1458 quod
1280 1397 1395 1440 nos
1448 1378 1511 1440 in
1572 1378 1896 1461 presentia
1956 1377 2344 1442 venerabilis
2407 1377 2646 1440 domini
2699 1375 2943 1441 Alberti

337 1465 892 1529 llalberstadensis
934 1466 1202 1530 ecclesie
1246 1467 1528 1549 episcopi
1575 1487 1687 1549 pro
1744 1468 1946 1531 salute
1994 1468 2348 1531 animarum
2400 1473 2750 1529 nostrarum
2805 1484 2946 1528 nec·

331 1572 455 1615 non
501 1554 1048 1636 speretributionis
1101 1564 1316 1620 eterne
1370 1565 1515 1621 voto
1569 1558 1706 1640 pari
1759 1577 1837 1620 ae
1879 1576 2187 1621 consensu
2235 1555 2515 1618 unanimi
2571 1552 2947 1616 donavimus

330 1642 708 1725 professioni
765 1652 984 1708 sancte
1052 1644 1273 1709 domus
1345 1646 1680 1728 hospitalis
1747 1655 1964 1710 sancte
2022 1646 2221 1709 Marie
2277 1643 2806 1708 Theutonicorum
2881 1642 2945 1704 in

330 1731 716 1795 iherusalem
754 1732 993 1796 curiam
1035 1742 1330 1813 nostram,
1385 1734 1449 1798 in
1490 1735 1848 1800 Advocatia
1895 1736 2062 1798 intra
2107 1754 2315 1798 muros
2358 1732 2640 1797 civitatis
2681 1731 2944 1795 Halber-

331 1829 462 1884 stat
522 1821 708 1883 sitam
773 1832 836 1885 et
908 1820 1225 1903 quondam
1303 1824 1386 1886 ab
1463 1823 1815 1888 honorabili
1890 1824 2144 1887 domino
2211 1823 2487 1886 Henrico
2567 1819 2792 1884 comite
2864 1819 2946 1884 de

335 1908 854 1974 Blanckenborch
914 1911 1198 1976 habitam
1263 1921 1326 1977 et
1383 1932 1757 1996 possessam.
1869 1912 2262 1976 Donavimus
2327 1911 2583 1993 insuper
2649 1909 2948 1974 iamdiete

333 1999 708 2081 professioni
754 2000 816 2061 in
863 2002 1185 2083 presentia
1231 2001 1498 2084 preclari
1553 2001 1792 2064 domini
1836 2000 2096 2064 Heni-ici
2145 2000 2392 2063 comitis
2435 1999 2514 2062 de
2559 1998 2943 2078 Regenstein

333 2097 581 2171 pratum
626 2107 813 2151 unum
870 2090 1033 2152 inter
1086 2090 1408 2153 civitatem
1453 2090 1800 2173 predictam
1854 2099 1917 2153 et
1974 2089 2189 2152 villam
2227 2088 2521 2152 Ditt'orde
2574 2089 2764 2151 situm
2806 2106 2945 2150 cum

333 2177 527 2257 lignis
568 2178 996 2241 crescentibus
1039 2177 1293 2254 ibidem,
1341 2178 1580 2243 habens
1605 2179 1667 2241 in
1711 2179 1995 2261 proximo
2025 2179 2219 2241 latere
2253 2176 2634 2242 occidentali
2679 2185 2947 2259 pratum,

330 2266 501 2347 qtiod
544 2277 641 2331 est
680 2267 1072 2331 dominorum
1106 2269 1309 2331 sancti
1334 2268 1653 2346 lohanniS‚
1695 2274 1758 2330 et
1800 2269 2075 2348 quinque
2119 2286 2373 2331 mansos
2415 2267 2570 2330 sitos
2615 2267 2677 2329 in
2722 2284 2947 2346 eampo

334 2358 483 2419 ville
529 2356 874 2419 Erehstede
918 2375 1056 2419 cum
1098 2356 1265 2419 omni
1310 2357 1474 2437 iure,
1531 2357 1779 2421 decima
1821 2364 2059 2419 tantum
2105 2358 2237 2419 suis
2290 2356 2565 2418 dominis
2606 2362 2947 2418 reservata.

337 2445 746 2524 Donavimus,
791 2445 1064 2525 inquam,
1109 2445 1221 2508 hec
1265 2446 1477 2508 omnia
1521 2446 1804 2529 predicta
1847 2445 2169 2527 sepedicte
2204 2444 2580 2527 professioni
2624 2443 2687 2505 in
2726 2462 2950 2506 manus

334 2533 614 2614 religiosi
673 2533 793 2595 viri
852 2535 1263 2616 provincialis
1306 2536 1612 2614 saxonie,
1671 2534 2069 2617 presentibus
2121 2534 2420 2597 fratribus
2474 2531 2753 2596 eiusdem
2809 2551 2947 2614 pro-

329 2623 631 2688 fessionis
685 2622 897 2687 Olrico
952 2622 1124 2686 dieto
1181 2622 1260 2686 de
1299 2624 1556 2703 Barum,
1609 2622 2118 2687 commendatore
2168 2622 2232 2685 in
2272 2622 2629 2696 Lukenum,
2684 2629 2747 2685 et
2799 2620 2946 2703 Mey

334 2713 606 2793 plebano
650 2710 886 2774 ibidem
928 2731 1169 2774 necnon
1217 2712 1474 2776 siffrido
1519 2713 1688 2776 dicto
1731 2712 1810 2776 de
1838 2712 2287 2776 Valckenstein
2343 2719 2407 2775 et
2439 2710 2723 2774 Rodolffo
2778 2709 2947 2774 dieto

334 2802 415 2866 de
462 2801 805 2884 Dreyleve,
860 2800 1366 2865 commendatore
1409 2801 1471 2863 in
1520 2801 1971 2883 Elmesburgk,
2027 2821 2164 2865 cum
2219 2802 2390 2864 omni
2444 2802 2594 2873 iure,
2650 2800 2813 2863 sicut
2863 2798 2948 2860 ad

335 2913 452 2955 nos
500 2890 874 2974 pertinebat,
915 2891 1319 2971 proprietatis
1358 2890 1538 2954 titulo
1562 2898 1866 2974 perpetuo
1899 2889 2303 2971 possidenda.
2390 2889 2486 2953 Ne
2529 2888 2721 2969 igitur
2762 2907 2950 2970 super

335 2981 660 3064 premissis
705 2981 767 3042 in
811 2987 1124 3061 posterum
1170 2979 1427 3060 aliquod
1470 2979 1725 3042 dubium
1752 2980 1965 3042 valeat
2005 2979 2184 3056 oriri,
2227 2976 2424 3059 sigilli
2470 2977 2668 3039 nostri
2711 2994 2950 3059 appen-

335 3070 514 3133 sione
574 3068 837 3132 fecimus
889 3077 1238 3149 presentem
1295 3068 1596 3150 paginam
1652 3068 2038 3131 communiri.
2122 3067 2327 3130 Huius
2381 3066 2470 3130 rei
2526 3073 2719 3129 testes
2774 3072 2949 3129 sunt:

337 3158 726 3222 honorabilis
765 3158 1057 3221 dominus
1082 3156 1375 3220 Hinrieus
1417 3158 1737 3238 predictus
1781 3177 1988 3221 eomes
2026 3157 2106 3221 de
2130 3156 2512 3236 Regenstein
2559 3164 2621 3219 et
2659 3155 2950 3218 dominus

334 3249 659 3313 Gerardus
717 3248 977 3311 maioris
1048 3247 1312 3311 ecclesie
1379 3247 1734 3329 prepositus
1799 3249 1861 3310 in
1920 3246 2282 3310 llalberstat
2348 3264 2590 3308 necnon
2658 3244 2949 3308 domiuus

334 3338 654 3401 Iohannes
697 3337 904 3402 dietus
947 3335 1027 3399 de
1074 3336 1409 3418 Dreyleve‚
1454 3334 1734 3399 eiusdem
1769 3337 2033 3400 ecclesie
2079 3334 2493 3418 portenarius,
2538 3344 2601 3397 et
2645 3333 2950 3413 magister

335 3428 651 3491 lohannes
711 3425 887 3490 Felix
967 3425 1289 3508 sepedicte
1355 3424 1622 3488 ecclesie
1694 3426 2151 3502 thesaurariuS,
2231 3432 2293 3487 et
2368 3423 2478 3486 alii
2544 3423 2949 3505 quamplures

334 3517 461 3580 tide
505 3517 698 3597 digni.

501 3605 736 3668 Datum
805 3611 868 3667 et
939 3612 1148 3667 actum
1206 3603 1595 3682 Halberstat,
1661 3623 1827 3665 anno
1893 3602 2130 3664 domini
2184 3601 2638 3674 M0CGC-0V110,
2706 3600 2949 3663 XVlIJ⁰

334 3694 653 3779 kalendas
694 3693 990 3757 Ianuarii.

482 3810 642 3863 Naelt
697 3810 813 3862 dem
851 3810 1253 3876 haevyelnschen
1294 3810 1522 3874 (bpialb.
1563 3808 1700 3861 CXI
1704 3809 1739 3860 Ι
1772 3810 1843 3860 ιἠι
1883 3811 2059 3874 Itonia(
2104 3807 2470 3860 Stcmtsarehiv
2513 3824 2582 3859 zu
2619 3805 2948 3874 Mayczebmy

330 3882 479 3949 fledr.
519 3883 597 3934 bea·
633 3880 899 3944 Schmidt,
957 3881 1386 3932 Urkumlenonch
1423 3880 1515 3931 cler
1552 3880 1709 3930 ‚sunit
1742 3879 2087 3930 Halberstadt
2124 3880 2228 3930 Nr.
2268 3883 2374 3930 3:30
2409 3877 2947 3942 (liesclticlttsquellen

334 3954 387 4005 d.
440 3952 526 4002 Pr.
574 3952 804 4004 Saelesen
841 3950 945 4004 Bd.
979 3952 1128 4013 VII.)
1180 3981 1244 3987 —
1295 3950 1433 4001 Man
1482 3950 1629 4001 sollte
1666 3956 1953 4010 erwmth,
1999 3949 2125 4000 dass
2168 3949 2262 4001 der
2297 3949 2811 4015 Besta'te'yusnysbriet
2858 3946 2948 3997 cles

341 4023 592 4086 Biscleoss
631 4023 776 4074 m'elet
811 4022 1000 4086 tritlter
1036 4022 1118 4073 als
1154 4020 1239 4072 die
1258 4020 1580 4085 Sclzenlmny
1617 4020 1767 4071 selbst
1804 4019 1971 4071 (latire
2014 4018 2205 4072 warde.
2280 4019 2367 4070 Za
2402 4019 2672 4070 beanerken
2699 4018 2784 4083 ist,
2822 4016 2948 4070 class

336 4092 486 4145 beide
523 4093 652 4144 Acte
684 4110 761 4144 αη
800 4092 1189 4144 cerscln'edenen
1228 4097 1392 4143 Orten
1428 4090 1776 4155 stattlanden.
