4459 5167
840 296 888 354 Ns.
906 296 1026 353 84-87.
1046 314 1071 353 ι.
1093 297 1161 353 1333
1178 298 1284 351 *luto
1668 294 1718 351 281

410 538 531 621 1334.
558 537 677 619 Mbrn
696 537 761 620 24.
789 536 1013 620 it'aterler.
1653 534 1721 617 86.

516 708 674 773 Aobtissirr
687 710 757 773 und
770 708 905 775 &event
916 728 960 774 ru
978 706 1132 774 Wuterler
1152 708 1315 785 bekeuueu,
1338 708 1415 771 dosa
1429 706 1480 771 die
1497 706 1565 771 drer'
1579 706 1617 771 K
1618 706 1722 771 uster-

514 808 717 889 juupsraueu
741 806 893 873 Jobuouu
921 830 981 875 vora
1011 808 1212 892 Dermburp,
1242 809 1413 875 Bertrudis
1441 830 1499 874 oon
1529 808 1722 875 &binum

516 905 584 969 mad
603 903 768 971 Elisabeth
788 926 847 971 oon
868 908 987 973 Leuede
1006 908 1058 972 die
1074 908 1254 991 Einbtiafte
1270 908 1326 972 der
1346 927 1405 972 eron
1426 908 1520 973 abuero
1539 926 1606 973 vora
1620 906 1723 971 Rtuer

518 1000 608 1067 Pder
631 1023 691 1067 oon
713 1002 933 1069 moseos
955 1010 1013 1087 teir
1036 1010 1078 1069 17
1099 1005 1199 1069 Mario
1223 1004 1293 1069 und
1320 1005 1409 1069 einen
1432 1004 1543 1070 baum
1571 1004 1721 1085 Vierdiup

515 1100 680 1181 erkauflm
699 1100 810 1165 taum
829 1101 921 1183 Hufe
938 1122 981 1168 ru
1005 1102 1110 1184 Odorp
1131 1102 1269 1167 emen
1290 1102 1360 1167 raud
1379 1104 1456 1167 dosa
1474 1100 1624 1167 dieselbeu
1647 1102 1721 1165 dur-

516 1197 597 1261 uuds
616 1218 662 1262 ab
680 1199 732 1263 die
751 1198 901 1263 Kristerei
921 1198 1020 1281 tollen
1040 1200 1146 1265 eoum.

495 1348 639 1415 Elisabet
658 1348 711 1416 dei
731 1350 838 1434 gratia
857 1350 1038 1434 abbatissa,
1064 1350 1262 1437 Adelbeydis
1289 1352 1458 1435 priorissa,
1490 1350 1572 1415 Iutta
1593 1348 1722 1429 austris,

414 1438 527 1506 Odilia
555 1439 720 1504 oeiieraria
757 1446 903 1523 totusque
933 1448 1107 1506 eonventns
1136 1441 1270 1507 eoelesie
1304 1441 1337 1505 in
1366 1440 1540 1505 Waterlere
1576 1438 1723 1505 omnibus

413 1526 583 1611 presencia
608 1526 725 1593 visuris
751 1528 885 1595 minum
912 1530 946 1594 in
973 1528 1101 1595 domino
1129 1530 1223 1595 Ibesn
1249 1528 1382 1595 Christo.
1423 1528 1492 1607 Qne
1520 1528 1553 1592 in
1581 1534 1722 1611 tempore

413 1622 575 1699 geruntur,
595 1634 636 1681 ne
658 1634 680 1680 a
698 1617 860 1683 memoriis
881 1617 1041 1683 bominum
1063 1618 1155 1683 simul
1173 1636 1243 1683 oum
1257 1618 1349 1703 lapsu
1365 1617 1516 1701 temporis
1530 1615 1723 1695 ditabantur,

413 1723 545 1771 neeesse
561 1712 620 1785 est,
639 1724 679 1771 ea
695 1706 921 1791 seripturarum
937 1726 976 1772 ae
993 1707 1169 1790 sigillorum
1187 1706 1403 1775 instrumentis
1420 1706 1551 1772 tirmiter
1565 1705 1721 1773 roborare.

413 1794 499 1859 Hine
517 1800 576 1877 est,
598 1792 682 1876 quod
699 1814 757 1861 nos
777 1795 954 1877 abbatissa,
974 1796 1142 1880 priorissa,
1163 1796 1376 1877 thesauraria,
1398 1794 1563 1861 celleraria
1582 1798 1723 1877 pretaota

413 1890 559 1966 totusque
577 1892 752 1949 eonventns
772 1882 814 1947 ad
835 1884 985 1949 notioiam
999 1884 1168 1951 cuiuslibet
1183 1884 1342 1951 audientis
1359 1904 1414 1949 sen
1425 1884 1565 1951 videntis
1578 1884 1722 1967 unpimns

414 1972 577 2053 devenire,
601 1972 684 2054 quod
705 1971 841 2054 quedam
857 1982 963 2039 nostre
977 1973 1213 2053 conventuales,
1233 1972 1383 2041 videlieet
1393 1972 1539 2039 lobanna
1551 1971 1593 2039 de
1603 1972 1721 2037 Deme·

416 2060 512 2125 borob
534 2058 747 2125 aoBertradis
766 2061 807 2127 de
826 2060 988 2127 Stanstide
1008 2080 1129 2127 noanon
1147 2062 1291 2129 Elisabet
1311 2061 1352 2129 de
1368 2060 1494 2129 Levede
1513 2080 1573 2127 sua
1587 2060 1725 2147 peennia

414 2154 669 2233 conparaverunt
691 2168 788 2213 unum
809 2168 953 2214 mausum
972 2150 1068 2215 situm
1088 2149 1121 2215 in
1143 2150 1384 2235 eampisOdorp
1405 2170 1475 2215 oum
1497 2151 1581 2215 omni
1604 2150 1670 2215 iure
1691 2156 1724 2214 et

415 2237 610 2323 proprietate
630 2258 688 2321 pro
707 2236 818 2303 deoem
840 2247 872 2303 et
892 2246 1014 2323 septem
1034 2240 1152 2304 mareis
1172 2258 1241 2305 oum
1260 2238 1527 2306 dimidiofertone
1540 2261 1560 2305 a
1573 2244 1722 2305 strennuo

414 2327 516 2391 milite
536 2326 629 2394 Petro
649 2326 736 2392 dioto
755 2326 796 2392 de
818 2327 1069 2410 Soymmenstide
1090 2328 1154 2393 ista
1175 2327 1362 2394 eondioione
1383 2328 1524 2409 adieeta,
1552 2328 1636 2411 quod
1664 2328 1723 2393 beo

415 2414 634 2498 prenominate
655 2420 729 2496 tres,
751 2416 874 2482 seiliuet
894 2416 1048 2499 Iohanna,
1069 2416 1233 2483 Bertradis
1254 2426 1286 2483 et
1307 2417 1460 2500 Elisabet,
1480 2418 1598 2482 fruetus
1619 2416 1722 2481 mansi

415 2504 582 2589 prescripti
604 2505 744 2571 totaliter
763 2506 806 2571 ad
827 2514 970 2591 tempora
994 2506 1137 2573 saevite
1159 2508 1220 2573 sibi
1243 2508 1362 2573 tolient.
1404 2508 1477 2573 Una
1503 2508 1572 2571 sive
1598 2506 1722 2571 duabus

413 2592 572 2659 defunctis
591 2592 691 2658 tereiu
713 2596 832 2660 fruetus
852 2602 1012 2679 pretautos
1031 2595 1212 2661 omnimode
1232 2596 1295 2662 sibi
1316 2596 1418 2680 tollet,
1443 2604 1475 2662 et
1496 2596 1556 2661 hoe
1576 2594 1722 2659 omnibus

414 2682 535 2757 dubiis,
566 2701 628 2764 qne
648 2683 691 2747 ab
711 2683 877 2749 abbatissa
899 2684 969 2749 sive
993 2703 1015 2749 a
1040 2685 1200 2768 preposito
1227 2690 1301 2750 tune
1328 2686 1480 2768 temporis
1504 2703 1543 2749 ae
1565 2690 1630 2750 toto
1650 2703 1722 2749 oon-

412 2780 510 2839 ventu
530 2772 608 2837 inioi
629 2778 776 2856 poterunt
798 2772 1001 2856 postergstis.
1043 2772 1193 2839 Preterea
1214 2773 1275 2839 biis
1292 2772 1447 2855 omnibns,
1472 2772 1596 2839 seilicet
1612 2773 1722 2851 tribus,

414 2862 501 2926 viam
528 2860 676 2927 universe
700 2862 807 2927 earnis
833 2861 1002 2945 ingressis,
1024 2861 1145 2927 imetus
1173 2860 1214 2927 ds
1240 2861 1382 2947 predicto
1403 2880 1514 2927 manso
1541 2861 1723 2928 derivantes

414 2950 457 3015 ad
477 2950 614 3017 offieinm
642 2954 748 3015 nostre
776 2950 919 3014 custodie
945 2950 1061 3033 iugiter
1088 2952 1306 3035 pertinebunt,
1331 2951 1455 3018 seilicet
1474 2951 1517 3017 ad
1541 2952 1722 3016 necessaria

413 3040 523 3105 divino
548 3039 646 3104 uultui
673 3058 711 3103 eo
737 3039 851 3104 meiius
878 3040 1090 3123 conparanda
1136 3041 1255 3107 Ultima
1282 3062 1356 3107 vero
1381 3043 1513 3105 istarum
1537 3042 1631 3104 trium
1660 3057 1722 3121 que

414 3130 625 3213 supervixerit
664 3129 789 3195 duabus
826 3128 984 3195 defunctis
1022 3131 1274 3214 quandocunque
1313 3131 1506 3213 egrotaverit
1538 3134 1571 3193 et
1605 3146 1721 3211 penam

414 3219 524 3285 mortis
556 3238 592 3284 se
626 3240 689 3284 non
721 3218 859 3284 evadere
890 3220 1087 3301 cognoverit,
1117 3240 1248 3304 presens
1277 3223 1429 3305 seriptum
1462 3228 1536 3283 tuno
1571 3218 1722 3302 temporis

414 3308 588 3374 tesanrarie
608 3308 677 3373 sine
698 3306 856 3374 dilacione
877 3308 1037 3373 tenebitur
1063 3317 1257 3391 presentare.
1300 3310 1350 3374 Ne
1377 3310 1475 3392 igitur
1502 3309 1535 3371 in
1562 3314 1721 3391 posterum

415 3396 487 3463 bnio
508 3404 614 3463 nostre
633 3398 753 3463 actioni
773 3398 842 3462 sive
861 3398 945 3463 iaoto
965 3396 1056 3463 dubii
1073 3397 1151 3480 quid
1168 3400 1239 3481 quis
1255 3400 1365 3465 iniciat
1380 3398 1570 3479 anterioris,
1589 3416 1721 3483 presens

414 3486 564 3571 seriptum
584 3493 690 3552 nostro
710 3486 817 3569 sigillo
837 3485 983 3550 dedimus
1002 3486 1191 3553 roboratum.
1233 3489 1346 3553 Testes
1357 3486 1450 3553 huius
1466 3492 1553 3551 sunt:
1575 3485 1721 3550 dominus

414 3574 583 3655 Nieoians,
613 3574 760 3639 dominns
787 3572 964 3656 Conradus,
991 3574 1089 3640 irater
1109 3576 1290 3658 conradus,
1319 3577 1467 3643 Hinrious
1495 3574 1535 3641 de
1562 3574 1721 3641 Loohtene

416 3662 535 3730 ibidem
556 3664 748 3747 capellanus,
769 3670 802 3728 et
822 3662 878 3727 alii
899 3665 1102 3749 quamplures
1123 3663 1286 3751 fidedigni.

494 3752 612 3817 Datum
639 3752 827 3833 Waterlere,
855 3772 939 3817 anno
964 3751 1084 3817 domini
1112 3752 1252 3820 M⁰CCC⁰
1279 3754 1438 3820 tricesimo
1467 3752 1553 3835 11110,
1581 3750 1615 3817 in
1641 3769 1721 3816 uena

414 3840 542 3906 domini.

489 3974 595 4030 Uraubr.
610 3975 700 4029 Wera.
735 3974 819 4044 Stupet
835 3974 910 4029 uicbt
928 3974 1002 4029 πιών
1018 3974 1144 4031 erhultm.

413 4198 761 4301 launomaro.
1657 4206 1718 4288 er.

514 4350 587 4417 Das
606 4350 738 4417 Kloater
758 4353 790 4419 S.
807 4354 930 4419 Vitiare
948 4352 1095 4418 Drabebe
1113 4354 1261 4436 votam
1280 4356 1348 4421 dem
1364 4354 1477 4437 Proque
1496 4358 1565 4421 uod
1585 4358 1720 4424 Cortum

514 4448 717 4517 ruWuterler
737 4451 806 4519 eine
825 4450 1044 4519 Muomsue
1063 4452 1132 4519 uod
1152 4451 1243 4517 eiam
1263 4452 1353 4519 dubei
1371 4452 1533 4535 pelopem
1553 4454 1719 4535 Holafleet,
