4459 5167
524 311 577 367 292
778 311 1062 369 Oistereienserinnen·
1081 313 1298 384 (Heih‘genhlut)
1318 313 1577 372 KlostarWaterler.

523 458 757 544 quoquomodo,
784 462 868 543 quod
896 482 966 527 cum
991 462 1146 529 discretus
1171 465 1219 529 vir
1239 518 1245 531 .
1269 515 1275 530 .
1298 466 1477 550 prepositus
1505 464 1686 529 monasterii
1715 462 1830 528 sancti.

522 551 706 616 monialium
727 551 760 615 in
782 550 958 618 Waterlere
977 571 1015 617 ae
1035 554 1184 635 religiose
1205 554 1331 620 domine
1353 602 1359 616 .
1383 608 1389 620 .
1410 556 1589 635 abbatissa,
1617 601 1624 614 .
1648 606 1653 618 .
1678 553 1830 637 priorissa

521 647 667 723 totusque
695 647 868 706 conventus
894 642 1077 706 monasterii
1103 642 1259 707 decimam
1288 644 1407 710 ibidem
1435 645 1466 707 in
1488 644 1662 708 Waterlere
1688 643 1828 706 carnium

521 736 554 795 et
573 730 698 811 frugum
718 748 790 794 cum
803 730 949 794 omnibus
964 729 1030 794 suis
1049 731 1212 813 fructibus,
1233 732 1362 813 iuribus,
1385 731 1567 797 attinenciis
1580 738 1612 795 et
1627 730 1831 815 pertinenciis

521 826 586 883 tam
609 821 641 883 iu
663 819 787 901 campis
807 838 902 900 quam
926 820 958 882 in
979 819 1058 882 villa
1078 840 1099 882 a
1119 820 1219 884 nobili
1241 821 1309 885 viro
1323 822 1472 905 Poppoue
1490 822 1603 886 comite
1619 820 1660 885 de
1671 819 1829 884 Blanken-

521 907 616 973 borch
637 926 694 990 pro
715 909 853 990 pecunia
878 908 1082 990 beneplacita
1110 913 1142 973 et
1169 909 1245 987 sibi,
1273 919 1365 993 prout
1392 911 1423 974 iu
1450 916 1558 974 nostra
1583 910 1750 992 presencia
1777 928 1829 972 ex·

521 1016 630 1081 presse
652 1003 685 1061 et
705 998 883 1061 voluntarie
903 996 1071 1079 fatebatur,
1093 997 1292 1078 integraliter
1312 999 1415 1064 soluta
1437 999 1611 1082 empcionis
1629 999 1729 1081 tytulo
1749 1016 1830 1062 com-

520 1091 701 1170 parassent,
727 1104 766 1149 ae
792 1085 877 1149 idem
899 1104 1003 1150 comes
1024 1085 1158 1150 eandem
1185 1088 1356 1168 decimam,
1383 1108 1477 1170 quam
1507 1109 1527 1153 a
1551 1087 1643 1152 uobis
1670 1088 1771 1151 tenuit
1796 1086 1829 1149 iu

519 1174 624 1253 feudo,
645 1176 687 1237 de
708 1193 861 1239 consensu
883 1179 915 1238 et
936 1192 1067 1238 assensu
1089 1175 1233 1258 plenario
1255 1178 1392 1241 omnium
1413 1184 1445 1243 et
1466 1177 1660 1258 singulorum
1681 1176 1829 1242 heredum

521 1283 647 1328 suorum
683 1262 776 1327 nobis
807 1263 907 1328 libere
944 1264 1156 1345 resignasset,
1188 1284 1245 1328 nos
1276 1266 1429 1331 habentes
1461 1268 1578 1331 dictam
1609 1266 1765 1331 decimam
1796 1263 1830 1327 in

521 1354 637 1419 nostris
657 1353 819 1431 manibus,
841 1358 876 1416 ut
896 1352 1100 1434 premittitur,
1123 1353 1222 1418 libere
1242 1356 1449 1436 resignatam,
1471 1356 1572 1438 ipsam
1594 1374 1664 1419 cum
1687 1354 1833 1418 omnibus

519 1443 586 1508 suis
610 1441 778 1522 fructibus,
805 1439 939 1514 iuribus,
969 1440 1152 1505 attinenciis
1173 1446 1205 1505 et
1225 1441 1430 1525 pertinenciis
1458 1436 1711 1525 quibuscunqu'e,
1739 1449 1832 1526 prout

518 1531 604 1596 idem
627 1549 733 1595 comes
759 1528 893 1594 eandem
923 1529 1076 1594 hactenus
1103 1551 1125 1594 a
1150 1530 1243 1595 nobis
1269 1532 1381 1606 tenuit,
1408 1530 1519 1596 habuit
1545 1538 1576 1596 et
1603 1532 1759 1616 possedit,
1788 1532 1828 1595 dc

518 1640 675 1686 consensu
700 1618 933 1683 honorabilium
954 1619 1091 1682 virorum
1114 1666 1122 1679 .
1144 1664 1151 1678 .
1171 1619 1334 1703 prepositi,
1356 1619 1471 1684 decani
1493 1627 1523 1685 et
1544 1621 1676 1704 capituli
1697 1620 1830 1685 ecclesie

517 1719 623 1776 nostre
645 1709 787 1793 predicte
808 1759 813 1769 .
835 1756 841 1768 .
864 1708 1035 1791 preposito,
1057 1707 1230 1787 abbatisse,
1250 1756 1257 1769 .
1281 1758 1287 1773 .
1310 1711 1460 1791 priorisse
1482 1717 1513 1775 et
1534 1711 1702 1775 conventui
1722 1729 1828 1774 mona-

517 1800 605 1865 sterii
637 1800 670 1863 iu
700 1798 875 1862 Waterlere
907 1796 1059 1879 predictis
1096 1797 1260 1878 dedimus,
1296 1797 1462 1863 tribuimus
1501 1806 1532 1864 et
1568 1798 1756 1863 donavimus
1790 1817 1829 1861 ac

517 1895 626 1954 tenore
653 1885 851 1971 presencium
881 1884 1010 1965 damus,
1038 1884 1206 1949 tribuimus
1231 1892 1263 1951 et
1289 1885 1443 1950 donamus
1470 1906 1539 1952 cum
1566 1888 1760 1972 proprietate
1787 1886 1829 1950 ab

516 1980 596 2063 ipsis
633 1983 665 2041 et
695 1996 802 2041 eorum
834 1974 1069 2039 successoribus
1100 1982 1253 2058 perpetuo
1286 1975 1529 2059 possidendam,
1558 1976 1719 2041 tradentes
1750 1975 1830 2059 ipsis

515 2066 749 2151 possessiouem
771 2081 906 2128 vacuam
925 2063 1048 2128 decime
1068 2062 1262 2146 supradicte,
1283 2066 1425 2128 volentes
1447 2066 1548 2130 eciam
1570 2066 1649 2148 ipsis
1670 2072 1829 2129 eteorum

516 2154 751 2220 successoribus
781 2151 923 2216 debitam
956 2152 1154 2216 marandiam
1186 2153 1270 2217 dicte
1303 2152 1426 2217 decime
1458 2162 1489 2219 et
1523 2156 1592 2219 eius
1625 2153 1829 2237 proprietatis

514 2244 621 2309 facere
647 2251 679 2307 st
707 2241 747 2307 de
779 2242 935 2306 evictioue
966 2261 1093 2321 cavere,
1126 2242 1336 2325 promittimus
1371 2243 1458 2327 ipsos
1489 2244 1611 2327 eripere
1642 2249 1675 2306 et
1702 2261 1829 2307 servare

515 2332 705 2415 indempnes
735 2329 777 2393 ab
811 2329 1003 2412 inpeticione
1032 2348 1088 2394 seu
1121 2330 1346 2395 molestacioue
1374 2331 1544 2396 cuiuslibet
1569 2350 1703 2415 persone
1730 2332 1829 2397 cocle-

516 2422 646 2487 siastice
666 2420 718 2486 vel
745 2418 914 2483 muudaue.
955 2417 997 2481 Et
1022 2438 1062 2482 ue
1088 2423 1198 2481 contra
1227 2418 1383 2501 premissa
1409 2421 1552 2485 versucie
1580 2418 1828 2501 malignancium

516 2511 710 2593 inposterum
732 2511 842 2590 pateat
867 2506 950 2570 ullus
978 2506 1081 2586 locus,
1109 2504 1249 2587 sigillum
1273 2512 1412 2569 nostrum
1439 2506 1471 2569 in
1498 2508 1719 2590 premissorum
1741 2509 1828 2572 testi-

516 2599 655 2664 monium
682 2603 714 2662 et
740 2595 939 2661 evidenciam
967 2594 1141 2678 pleniorem
1171 2594 1370 2677 presentibus
1398 2602 1445 2659 est
1475 2616 1659 2679 appensum.
1702 2597 1742 2660 ht
1770 2617 1828 2661 nos

518 2689 570 2753 dei
597 2688 702 2769 gratia
727 2686 885 2750 lohannes
918 2684 1111 2768 prepositus,
1140 2682 1261 2747 Themo
1293 2683 1433 2748 decanus
1461 2690 1622 2767 totumque
1654 2686 1827 2769 capitulum

517 2776 652 2842 ecclesie
663 2774 941 2839 halberstadensis
952 2773 1206 2855 recognoscimus
1222 2773 1349 2855 publice
1368 2781 1598 2856 perprcsentes,
1619 2774 1701 2857 quod
1724 2774 1828 2839 dictus

516 2865 663 2929 dominus
692 2869 799 2928 noster
824 2862 1102 2928 Halberstadeusis
1129 2860 1263 2926 ecclesie
1295 2862 1462 2945 opiscopus
1494 2864 1672 2929 huiusmodi
1706 2864 1828 2929 decime

517 2954 725 3019 donacionem
745 2952 822 3017 fecit
848 2952 888 3015 de
912 2958 1019 3016 nostro
1047 2969 1202 3015 consensu
1226 2950 1404 3015 voluntario
1432 2958 1464 3015 et
1490 2971 1655 3036 express03
1681 2953 1714 3016 iu
1739 2955 1829 3017 cuius

516 3044 563 3109 rei
591 3041 805 3108 testimonium
835 3039 976 3122 sigillum
1008 3039 1106 3103 nostri
1142 3038 1274 3122 capituli
1305 3038 1453 3104 duximus
1479 3041 1678 3123 presentibus
1708 3060 1827 3124 appen-

517 3131 715 3283 dendssrgpum
738 3217 894 3282 Halberst.
917 3216 950 3280 in
972 3220 1079 3280 nostro
1099 3216 1241 3299 capitulo
1262 3216 1420 3298 generali,
1441 3235 1525 3282 anuo
1548 3216 1668 3283 domini
1688 3218 1828 3286 M⁰GCC⁰

516 3308 791 3393 quinquagesimo,
813 3307 847 3370 in
869 3306 984 3387 vigilia
1004 3305 1090 3369 beati
1112 3303 1240 3369 Andree
1261 3304 1406 3388 apostoli.

485 3456 491 3467 .
598 3398 711 3462 Testes
737 3396 831 3461 huius
857 3402 943 3459 sunt:
970 3394 1173 3459 honorabiles
1200 3394 1259 3458 viri
1282 3392 1468 3460 hedewicus
1497 3394 1726 3479 thesaurarius,
1753 3398 1827 3461 Bor-

517 3486 654 3553 chardus
674 3485 714 3549 de
733 3484 895 3565 Asseborg
914 3489 945 3547 et
967 3482 1166 3547 Hermannus
1187 3479 1228 3545 de
1245 3482 1507 3564 Bultzingesleve,
1529 3484 1674 3548 canonici
1694 3486 1828 3550 ecclesie

516 3585 639 3658 nostre,
666 3594 789 3639 necnon
811 3573 928 3638 nobilis
949 3572 999 3637 rir
1022 3571 1169 3637 dominus
1189 3570 1389 3636 Borchardus
1410 3592 1514 3637 comes
1534 3573 1574 3637 de
1596 3572 1828 3656 Woldenberge

516 3684 556 3730 ac
576 3669 743 3731 strennuus
764 3663 857 3727 miles
878 3660 1068 3727 Thidericus
1089 3660 1130 3725 de
1150 3661 1240 3742 Lere,
1261 3659 1380 3741 aliique
1401 3660 1603 3743 quamplures
1623 3660 1785 3744 lidedigni.

592 3816 698 3872 Urcchr.
718 3816 808 3869 Wera.
854 3814 908 3868 Dr'c
932 3830 972 3868 aa
1000 3812 1270 3883 Pergameotstreiscn
1299 3812 1451 3881 copelrhcpt
1478 3828 1627 3882 pewesenen
1654 3810 1737 3882 Siepel
1762 3812 1826 3867 siud

516 3886 593 3942 nieht
613 3888 688 3941 melu
705 3884 867 3941 verbunden.

516 4024 628 4108 1351.
659 4024 913 4127 September
931 4024 995 4105 14.
1733 4022 1824 4104 loo.

617 4160 790 4225 Bermbard
810 4161 865 4225 der
885 4159 1008 4224 Addere
1028 4156 1270 4238 recalescere,
1302 4156 1427 4237 crofeo
1446 4175 1488 4221 au
1509 4154 1706 4238 Repenster'n,
1731 4158 1825 4239 pcbeu

618 4259 747 4322 demea
767 4259 964 4323 erbuueudec
984 4256 1221 4320 Martenulture
1243 4256 1285 4318 im
1305 4252 1344 4317 K
1347 4254 1437 4317 tester
1458 4252 1610 4319 iterator
1630 4256 1689 4318 das
1709 4255 1826 4336 Elpen-

617 4356 706 4420 tbum
726 4356 781 4419 der
800 4357 897 4420 laneo
918 4375 978 4419 corr
997 4353 1151 4419 Ileiura'clr
1168 4352 1329 4433 Molorchus
1349 4350 1587 4433 auspehrsserreu
1607 4354 1682 4417 awai
1702 4352 1823 4434 Hersen,

617 4452 686 4522 ἄνεί
705 4452 878 4539 Hotstellerr
904 4453 974 4517 aad
999 4452 1075 4518 aurei
1092 4450 1187 4533 Hillo*
1203 4470 1245 4515 au
1270 4448 1386 4529 Odorp,
1415 4448 1603 4531 despiciebam
1631 4450 1706 4515 eruci
1732 4448 1824 4533 Hb'fe,
