4459 5167
500 281 550 332 136

1761 186 1768 214 Ι

812 272 976 342 Augustiner
993 272 1245 325 Eiusicdlcrkloster
1262 268 1494 337 Himmelpforten.

605 426 704 491 sessos
729 423 857 507 privant
883 420 1108 486 ecclesiasticis
1141 420 1362 499 sacramentis,
1392 411 1457 483 'nisi
1484 415 1631 481 confessa
1655 411 1815 477 tratribus

602 515 664 581 sibi
686 512 789 577 denuo
812 510 1018 576 confiteantur
1039 510 1238 591 integraliter
1258 515 1290 574 et
1312 511 1344 572 in
1366 516 1445 583 toto,
1468 513 1629 587 tamquam
1650 502 1819 586 predicto-

600 623 667 667 rum
689 603 820 667 fratrum
842 600 997 665 absolutio
1019 598 1108 663 irrita
1129 600 1224 664 fuerit
1244 606 1276 664 et
1296 598 1417 678 inanis,
1437 596 1650 677 astringentes
1676 592 1818 656 nicbilo·

600 692 704 756 minus
733 691 862 755 eosdem
887 709 944 771 per
965 688 1176 772 privationem
1206 707 1296 753 sacre
1317 684 1559 763 communionis,
1587 704 1628 748 ne
1654 682 1815 766 sensiatis

601 780 751 845 fratribus
779 784 962 860 presumant
985 776 1019 840 in
1048 784 1208 859 posterum
1230 775 1379 840 confiteri.
1423 774 1504 837 Hinc
1532 781 1599 852 est,
1628 773 1710 855 quod
1735 790 1814 835 cum

601 888 658 953 per
689 865 921 931 declarationes
958 864 1137 942 evidentes,
1177 865 1268 929 nobis
1309 863 1366 927 sub
1400 863 1483 926 veris
1518 862 1612 928 bullis
1647 861 1816 925 exhibitas

602 955 792 1021 sanctissimi
822 956 856 1019 in
883 954 1005 1019 Christo
1033 955 1134 1037 patris
1162 960 1194 1019 et
1222 953 1342 1018 domini
1368 952 1520 1016 lobannis
1537 952 1649 1030 XXll,
1674 949 1816 1015 ecclesie

602 1044 793 1110 universalis
826 1062 908 1107 nunc
946 1045 1058 1106 summi
1090 1042 1263 1126 pontificis,
1296 1062 1334 1107 ac
1364 1040 1538 1107 Alexandri
1570 1048 1603 1106 et
1636 1041 1815 1105 Clementis

602 1136 720 1216 quarti,
746 1132 904 1213 quondam
931 1131 1034 1195 felicis
1055 1133 1204 1197 memorie
1228 1132 1370 1195 eiusdem
1390 1132 1524 1196 ecclesie
1544 1129 1726 1214 pontilicum
1748 1129 1817 1192 Ro-

603 1240 776 1301 manorum,
798 1240 948 1304 expresse
960 1228 1120 1301 caveatur,
1141 1220 1268 1303 quodsi
1288 1240 1344 1303 per
1360 1219 1563 1303 privilegium
1576 1220 1689 1285 summi
1706 1218 1814 1301 ponti-

602 1312 670 1377 licis
704 1318 760 1373 aut
791 1310 890 1391 legati
925 1309 1024 1387 sedis,
1061 1310 1113 1373 vcl
1147 1310 1243 1373 etiam
1275 1308 1427 1372 ordinarii
1458 1308 1617 1389 religiosis
1649 1306 1815 1389 aliquibus

603 1400 794 1465 concedatur
824 1406 963 1479 potestas
993 1398 1145 1464 audiendi
1184 1399 1398 1463 confessiones
1433 1397 1590 1477 fidelium,
1621 1396 1814 1461 absolvendi

606 1491 790 1554 coufitentes
814 1507 852 1551 ac
877 1488 1070 1570 penitentias
1094 1488 1176 1572 ipsis
1201 1487 1422 1552 confitentibus
1451 1487 1616 1568 iniungere
1643 1486 1815 1563 salutares,

604 1578 688 1660 quod
707 1577 763 1640 tali
785 1576 973 1640 auctoritate
994 1576 1094 1641 libere
1114 1577 1160 1640 uti
1182 1582 1323 1659 possunt,
1344 1576 1588 1659 parrochialium
1611 1573 1815 1639 sacerdotum

605 1686 735 1732 assensu
756 1666 936 1729 nullatenus
956 1665 1123 1747 requisito,
1145 1664 1251 1730 dicere
1273 1665 1383 1745 eciam,
1406 1664 1488 1747 quod
1511 1664 1646 1728 confessi
1661 1662 1815 1726 fratribus

608 1754 798 1819 habentibus
830 1772 850 1816 a
883 1752 959 1818 sede
987 1754 1161 1837 apostolica
1194 1752 1370 1819 huiusmodi
1402 1753 1564 1818 licentiam
1597 1752 1814 1817 confessiones

605 1843 772 1921 audiendi,
802 1848 966 1907 teneantur·
988 1843 1098 1907 eadem
1121 1849 1253 1927 peccata
1273 1842 1422 1907 fratribus
1439 1842 1583 1907 consessa
1605 1842 1717 1905 iterum
1738 1860 1815 1905 con·

605 1933 685 1997 literi
715 1933 842 2015 proprio
868 1932 1042 2013 sacerdoti,
1061 1953 1094 2007 ¹a
1124 1934 1324 1997 sanctissimo
1352 1939 1441 2014 patre
1468 1937 1500 1994 et
1521 1930 1649 1996 domino
1670 1928 1815 1994 Iohanne

606 2041 726 2086 summo
738 2070 743 2077 .
755 2017 902 2102 pontifice
929 2020 1051 2103 prelato
1078 2027 1239 2102 mmquam
1265 2021 1378 2084 falsum
1397 2026 1429 2082 et
1449 2037 1613 2084 erroneum
1630 2038 1732 2100 nuper
1752 2017 1814 2081 sub

607 2110 731 2194 patenti
760 2110 845 2173 bulla
870 2110 1072 2192 reprobatum
1097 2110 1158 2174 luit
1184 2116 1216 2173 ct
1235 2109 1456 2191 dampnatum,
1479 2107 1646 2190 prohibito,
1667 2128 1708 2173 ne
1727 2107 1813 2189 quis-

606 2218 701 2280 quam
723 2197 902 2263 buiusmodi
923 2199 1098 2271 articulum,
1119 2204 1228 2283 utpote
1248 2198 1435 2286 auctoritate
1456 2196 1633 2279 apostolica
1659 2196 1816 2279 dampna-

608 2293 672 2349 tum
699 2304 839 2351 asserere
864 2286 980 2351 audeat
1008 2294 1039 2351 et
1067 2295 1181 2352 tenere.
1232 2288 1273 2352 Et
1297 2287 1376 2351 dicti
1399 2288 1511 2350 fratres
1542 2285 1585 2348 ad
1619 2284 1814 2351 audiendum

606 2375 820 2440 consessiones
846 2375 985 2440 fidelium
1018 2377 1066 2441 eis
1090 2376 1231 2442 confiteri
1254 2376 1426 2440 volentium
1453 2380 1485 2439 et
1505 2374 1732 2441 absolvendum
1755 2394 1811 2438 cos

609 2485 631 2529 a
662 2464 803 2546 peccatis
831 2466 893 2530 sibi
925 2466 1078 2531 confessis
1110 2474 1142 2529 et
1169 2465 1399 2547 iniungendum
1424 2464 1617 2547 penitentias
1649 2464 1814 2543 salutares,

608 2572 667 2617 nec
698 2571 759 2616 non
793 2554 834 2617 ad
867 2554 1103 2638 proponendum
1137 2560 1169 2619 et
1201 2553 1431 2638 predicandum
1458 2553 1576 2636 populo
1603 2553 1735 2618 verbum
1760 2550 1816 2616 dei
1889 2587 1894 2595 ·

609 2641 708 2706 libere
737 2642 933 2725 privilegiati
960 2652 1032 2708 sunt
1064 2643 1104 2708 de
1132 2646 1238 2725 gratia
1259 2650 1291 2708 et
1317 2644 1514 2723 benignitate
1536 2642 1621 2708 sedis
1640 2640 1815 2724 apostolice

608 2730 761 2815 speciali,
791 2732 971 2797 discretioni
1009 2740 1113 2798 vestre
1147 2736 1334 2798 auctoritate
1362 2732 1538 2816 apostolica
1564 2732 1655 2796 nobis
1689 2731 1722 2793 in
1754 2731 1815 2793 bac

611 2825 701 2901 parte
729 2821 896 2886 commissa
921 2823 954 2885 in
976 2823 1090 2887 virtute
1113 2830 1223 2887 sancte
1244 2821 1424 2886 obedientie
1443 2828 1474 2884 et
1494 2821 1553 2886 sub
1573 2839 1658 2904 pena
1684 2838 1816 2902 suspen-

611 2908 741 2987 cionislll
784 2908 927 2973 districte
949 2910 1153 2994 precipiendo
1176 2911 1372 2988 mandamus,
1394 2915 1548 2992 quatenus
1569 2910 1610 2974 ab
1637 2908 1815 2972 huiusmodi
1863 2944 1866 2947 ⁴

610 2997 844 3078 impedimentis
873 2998 1027 3063 dictorum
1056 3000 1187 3064 fratrum
1215 3000 1247 3063 iu
1274 2998 1479 3083 preiuditium
1513 3005 1545 3062 et
1577 2997 1815 3063 irreverentiam

609 3087 807 3151 auctoritatis
828 3087 914 3152 sedis
936 3087 1110 3170 apostolice
1131 3087 1235 3168 factis,
1256 3094 1288 3153 et
1308 3108 1365 3171 per
1386 3107 1442 3153 ros
1459 3081 1513 3152 'scu
1528 3088 1651 3170 aliquos
1666 3094 1816 3165 restrum,

612 3181 646 3237 ut
673 3176 879 3257 premittitur,
908 3178 1104 3259 attemptatis
1131 3178 1257 3259 penitus
1277 3176 1483 3256 desistentes,
1509 3178 1596 3258 ipsos
1617 3176 1760 3240 claribus
1782 3175 1815 3238 in

610 3264 707 3327 vestri
735 3284 773 3327 ac
799 3265 899 3328 tocius
926 3266 1059 3330 ecclesie
1081 3264 1273 3330 adiutorium
1298 3267 1457 3329 concessis
1477 3265 1597 3329 eisdem
1619 3272 1651 3329 et
1671 3264 1816 3329 doctrina

612 3352 743 3415 salutari
776 3353 865 3417 verbi
895 3351 948 3417 dei
979 3354 1068 3418 iuxta
1103 3361 1241 3419 tenorem
1274 3374 1398 3419 suorum
1431 3354 1686 3436 privilegiorum,
1722 3372 1817 3435 super

610 3438 724 3519 quibus
755 3440 980 3505 conservandis
1015 3461 1122 3506 sumus
1146 3442 1334 3507 auctoritate
1361 3442 1537 3524 apostolica
1562 3442 1737 3522 constituti,
1770 3442 1816 3505 uti

611 3527 710 3591 libere
732 3528 934 3609 permittatis,
965 3528 1101 3595 subditis
1123 3550 1247 3613 quoque
1270 3532 1384 3596 restris
1405 3531 1452 3595 cis
1475 3530 1628 3596 confessis
1650 3539 1681 3594 et
1702 3529 1743 3593 ab
1769 3531 1816 3593 cis

613 3616 766 3680 absolutis
783 3618 1400 3683 sacramentaecclesiasticannllatenus
1412 3618 1586 3701 denegetis,
1608 3625 1816 3684 retractantes

611 3706 717 3783 etiam,
740 3706 850 3785 siqua
872 3723 929 3788 per
945 3725 1011 3787 vos,
1033 3713 1068 3770 ut
1089 3707 1336 3790 (prctmittiturt,
1358 3714 1467 3771 contra
1486 3708 1625 3790 ipsorum
1647 3708 1817 3791 privilegia

612 3798 684 3856 sunt
697 3793 814 3877 populo
832 3794 1005 3876 predicata,
1026 3816 1088 3859 non
1104 3796 1250 3860 obstante
1262 3802 1379 3860 statuto
1394 3796 1530 3862 bominis
1548 3798 1709 3879 utriusque
1723 3816 1817 3861 sexus

612 3882 698 3947 edito
726 3884 758 3945 in
786 3884 919 3948 concilio
946 3886 1104 3967 generali,
1134 3906 1203 3949 cnm
1230 3887 1319 3949 iuxta
1344 3884 1596 3951 declaracionem
1624 3886 1819 3950 sanctissimi

613 3971 712 4054 patris
732 3978 764 4035 et
785 3972 917 4054 domini,
939 3973 1060 4037 domini
1079 3973 1231 4039 Iohannis
1257 3994 1342 4057 pape
1368 3975 1558 4056 sepefatam,
1580 3976 1627 4039 illi
1648 3976 1703 4057 qui
1723 3975 1818 4038 dictis

611 4060 761 4125 tratribus
788 4059 986 4139 confitentur,
1011 4082 1073 4126 nou
1100 4068 1266 4125 teneantur
1291 4062 1394 4139 magis
1421 4063 1531 4127 eadem
1553 4071 1686 4147 peccata
1706 4063 1818 4127 iterum

613 4147 767 4223 confiteri,
796 4167 889 4231 quam
914 4150 940 4213 si
967 4150 1049 4214 alias
1069 4170 1108 4214 ea
1127 4150 1263 4215 confessi
1284 4150 1419 4216 luissent
1439 4170 1545 4217 eorum
1565 4152 1693 4237 proprio
1716 4171 1818 4217 sacer·

613 4236 679 4301 doti
712 4240 802 4303 iuxta
832 4238 952 4303 dictum
983 4240 1152 4303 concilium
1186 4240 1344 4321 generale.
1395 4241 1463 4306 Nos
1494 4242 1590 4306 etiam
1631 4241 1819 4306 auctoritate

613 4328 736 4409 prefata
769 4347 878 4391 omnes
910 4328 1083 4392 sententias
1118 4335 1149 4392 et
1180 4329 1331 4410 quiequid
1362 4348 1383 4391 a
1414 4350 1572 4413 quoquam
1603 4338 1741 4394 vestrum
1773 4336 1818 4393 at-

614 4421 800 4499 temptatum
826 4414 920 4479 l'uerit
946 4416 978 4477 in
1003 4416 1194 4481 contrarium
1222 4418 1453 4503 premissorum,
1475 4418 1674 4485 decernimus
1699 4418 1819 4482 irritum
