4459 5167
851 320 898 375 Nr.
916 320 957 375 52.
978 322 1020 373 53.
1039 337 1063 375 a.
1084 322 1275 377 lact-raas.
1667 325 1718 377 135

405 472 608 551 presumtum
636 468 743 547 fuerit,
775 474 807 532 et
832 470 1052 535 fundatoribus
1080 471 1174 536 Porte
1200 472 1268 537 Celi
1294 474 1422 537 domino
1444 473 1579 538 Iohanni
1607 480 1639 537 et
1665 474 1719 537 do-

406 556 502 621 mino
527 556 653 621 Annoni
686 556 839 625 militibus
872 566 903 623 et
934 559 1103 625 heredibus
1137 580 1244 625 eornm
1277 562 1428 643 legitimis
1458 560 1498 625 de
1527 562 1717 628 Hartcsrode

406 646 510 730 pleno
536 645 602 710 iure
628 644 744 711 cedant
768 649 871 715 mansi
892 648 1064 732 supradicti
1091 655 1124 713 et
1142 648 1220 715 ordo
1240 656 1393 733 perpetuo
1414 650 1456 714 sit
1480 650 1634 732 privatus.
1676 650 1720 715 l't

405 742 519 797 antem
545 734 652 799 omnia
681 742 713 800 et
740 738 867 820 singula
893 738 1047 821 premissa
1073 738 1181 803 debito
1209 738 1322 803 robore
1353 740 1548 816 muniantur,
1578 746 1717 804 nostrum

404 824 555 905 sigillum
588 844 658 889 eum
684 826 790 907 sigillo
822 826 983 911 provincie
1010 846 1104 913 proce
1127 877 1135 894 .
1158 876 1166 891 .
1189 880 1195 893 .
1216 828 1244 893 ,⁹
1279 836 1451 893 conventus
1473 830 1568 893 l'orte
1594 828 1661 893 Celi
1685 835 1717 893 et

404 913 529 997 prioris
550 915 749 997 presentibus
770 914 916 979 duximus
933 916 1167 1001 apponendum.

494 1004 577 1067 Acta
602 1008 674 1069 sunt
696 1004 754 1069 hec
776 1024 859 1069 anno
880 1004 1000 1071 domini
1021 1005 1304 1088 M⁰CCC⁰XX⁰IV⁰,
1332 1006 1517 1072 indictionis
1542 1026 1626 1072 anno
1648 1006 1716 1086 Vll,

405 1110 529 1245 πατεῖ).
547 1111 630 1157 anno
653 1095 687 1173 (t)
719 1093 815 1157 Xllll
848 1100 880 1159 et
912 1102 1126 1180 empactarum
1148 1097 1181 1174 (l)
1211 1095 1270 1176 VI,
1309 1095 1432 1161 XVIll⁰
1462 1094 1620 1161 kalendas
1654 1096 1715 1161 De·

404 1200 478 1246 cem
505 1200 557 1247 ns.

481 1306 565 1361 Naelt
586 1308 658 1362 eina
680 1326 730 1362 oon
751 1308 798 1364 der
821 1308 953 1377 Uraclm‘lt
974 1326 1161 1379 mactantem
1180 1312 1254 1365 arichi
1269 1317 1352 1381 praten
1370 1310 1508 1377 Abaehrist
1525 1312 1583 1365 Jae.
1603 1312 1709 1367 lir'edr.

405 1378 590 1433 Reimmanas
612 1397 633 1433 o.
653 1380 679 1433 J.
699 1384 768 1433 1704
790 1381 820 1433 in
842 1382 932 1435 actaea
951 1383 1023 1435 Aeta
1046 1382 1151 1451 publiea
1174 1382 1411 1437 Halherstadonsia
1428 1383 1449 1443 l,
1468 1382 1528 1441 251,
1555 1383 1709 1448 seriberiae

403 1450 633 1514 hanachmebera
650 1450 714 1515 jeta
729 1451 767 1503 im
775 1450 962 1519 mcpdelmrper
970 1452 1161 1505 Sumaareoia
1189 1453 1245 1506 lod.
1269 1452 1328 1504 VII
1343 1451 1403 1504 aad
1415 1451 1524 1516 saulae
1532 1453 1603 1505 latu
1611 1452 1713 1505 XIIII

404 1519 524 1573 aarum
541 1520 597 1586 auf
613 1518 664 1573 dces
681 1520 752 1573 Jaor
761 1524 829 1574 1324
843 1538 950 1588 prason,
969 1522 1030 1575 aler
1048 1520 1091 1575 dic
1105 1522 1293 1588 Epokteazuht
1310 1539 1369 1575 war
1380 1520 1498 1575 xxm.
1536 1522 1598 1577 Dua
1615 1541 1639 1577 ao
1653 1522 1712 1577 and

406 1608 431 1643 oe
450 1588 502 1643 der
519 1606 606 1643 amen
626 1590 764 1657 Absoluitt
782 1591 816 1645 iet
835 1590 929 1645 madar
948 1592 978 1645 ia
996 1598 1173 1661 compacaret.

481 1705 511 1769 1)
528 1703 703 1759 beamur.
721 1704 770 1758 hot
787 1708 863 1773 qnod.
881 1734 916 1743 -
933 1706 963 1771 2)
983 1704 1100 1760 Hdsehr.
1119 1706 1229 1761 eminus.
1248 1736 1281 1745 -
1303 1708 1331 1770 3)
1351 1704 1660 1760 Hdochalaootionibna.

405 1775 434 1841 4)
445 1774 567 1829 Hdaehr.
578 1776 676 1845 Lagieo
689 1790 844 1845 reprobarem
860 1774 1087 1845 Aristrapnbcclmt.
1105 1806 1140 1815 -
1161 1777 1190 1843 5)
1199 1776 1235 1831 So
1248 1782 1279 1831 ot.
1290 1778 1483 1847 promissorum.
1507 1804 1536 1815 —
1555 1776 1584 1839 6)
1596 1775 1715 1830 Hdaelrr.

403 1846 497 1900 solem
519 1875 552 1883 -
574 1846 600 1915 7)
620 1844 738 1900 Hdscbr.
756 1851 785 1901 ot
802 1846 920 1901 cottidie.
941 1876 975 1885 —
994 1846 1023 1913 8)
1042 1844 1159 1901 Hdaehr.
1176 1846 1306 1917 pictacia.
1325 1876 1358 1887 -
1377 1848 1405 1915 9)
1427 1849 1582 1917 procerum?

405 2037 524 2119 1326.
551 2036 746 2119 Februor
764 2038 803 2119 u.
1647 2036 1712 2121 53.

508 2171 683 2249 Jobunuas,
719 2172 857 2255 Bisehof
887 2192 945 2237 oon
975 2172 1098 2249 Korou,
1131 2173 1336 2237 trurrssumirt
1369 2172 1419 2235 eia
1453 2192 1495 2237 aa
1526 2173 1715 2253 Aschoffea·

508 2270 589 2351 corp
609 2291 662 2333 aaa
683 2274 735 2336 27.
758 2270 833 2333 Mai
854 2274 943 2336 1326
962 2270 986 2354 l.
997 2270 1014 2354 J
1031 2271 1194 2351 pepebenes
1217 2269 1422 2350 Rioilepiam
1441 2269 1495 2333 des
1515 2268 1715 2352 Erebiscbots

510 2367 669 2431 Matthias
695 2387 754 2431 ooa
774 2368 906 2445 Maiora,
933 2368 1032 2432 locria
1049 2368 1110 2432 dea
1137 2367 1335 2449 Aapaarliaer
1354 2366 1559 2429 Eine-ladem
1574 2372 1716 2448 castrata}

508 2465 598 2543 wird,
620 2464 747 2529 Beicbte
766 2485 807 2531 aa
826 2465 921 2530 aurea
942 2466 1010 2529 trad
1030 2484 1072 2531 aaa
1092 2465 1274 2530 absolui-ren.

487 2590 599 2655 Frater
619 2590 791 2671 lohannes,
811 2588 866 2653 dei
885 2588 990 2670 gratia
1010 2588 1255 2654 Coroniaoensis
1280 2586 1415 2653 ecclesie
1436 2586 1619 2671 episcopus,
1647 2588 1714 2653 uni-

406 2680 507 2744 versis
542 2684 704 2763 presentes
737 2678 860 2743 litteras
893 2678 1082 2761 inspecturis
1123 2676 1257 2741 salutern
1297 2678 1330 2741 in
1368 2676 1505 2742 domino.
1561 2677 1715 2743 Noverint

407 2768 557 2847 universi,
576 2788 635 2833 nos
648 2766 813 2832 reverendi
834 2767 936 2851 patris
956 2772 989 2831 et
1004 2765 1123 2831 domini
1140 2766 1260 2830 domini
1275 2766 1405 2845 Mathia,
1424 2765 1610 2847 Mogontine
1626 2766 1713 2831 sedis

409 2858 650 2943 archiepiscopi,
670 2858 793 2923 litteras
814 2858 1017 2923 inconcussas
1039 2862 1070 2920 et
1092 2855 1359 2920 incontaminatae
1380 2854 1500 2921 vidisse
1523 2854 1581 2919 has
1596 2856 1714 2921 formas

408 2948 618 3013 continentes:

546 3034 683 3101 blathias
703 3034 756 3100 dci
776 3036 881 3117 gratia
901 3042 1009 3099 sancte
1030 3033 1216 3115 Maguntine
1232 3033 1318 3099 sedis
1340 3033 1608 3118 archiepiscopus,
1630 3036 1714 3100 sacri

508 3125 623 3207 inperii
655 3144 712 3207 per
737 3125 940 3189 Germaniam
968 3122 1283 3204 archicancellarius,
1315 3129 1517 3189 conservator
1552 3130 1585 3186 et
1617 3122 1712 3188 iudex

508 3214 761 3298 privilegiorum,
788 3213 902 3277 iurium
928 3220 960 3277 et
986 3212 1167 3277 libertatum
1192 3212 1322 3276 l'ratrum
1349 3211 1570 3275 heremitarum
1592 3210 1713 3276 ordinis

507 3305 609 3369 sancti
629 3302 800 3385 Augustini
826 3322 883 3385 per
907 3302 1104 3386 provinciam
1126 3300 1303 3382 Thuringie
1323 3307 1356 3365 et
1376 3301 1528 3380 Saxonie,
1556 3300 1714 3367 universis

506 3394 690 3476 prepositis,
717 3391 861 3471 decanis,
886 3390 1161 3473 archipresbiteris
1189 3396 1221 3454 et
1239 3390 1441 3455 ecelesiarum
1468 3388 1713 3471 parrochialium

508 3481 680 3547 rectoribus
712 3483 763 3546 vel
790 3500 895 3546 eorum
923 3481 1009 3545 vices
1029 3480 1229 3561 gerentibus,
1256 3478 1300 3543 ad
1327 3498 1405 3560 quos
1425 3478 1530 3542 littere
1551 3486 1713 3560 presentes

508 3570 717 3654 pervenerint,
726 3570 859 3633 salutern
872 3576 903 3633 et
912 3567 1070 3633 mandatis
1082 3568 1285 3651 apostolicis¹
1297 3566 1457 3631 humiliter
1466 3566 1604 3631 obedire.
1626 3566 1712 3630 Veri-

508 3660 581 3724 diea
609 3659 762 3724 relatione
783 3658 825 3721 ad
851 3664 990 3723 nostrum
1011 3658 1141 3722 devenit
1161 3656 1320 3737 auditum,
1343 3655 1428 3737 quod
1449 3657 1481 3720 in
1504 3655 1711 3740 preiudieium

507 3748 704 3813 auctoritatis
729 3746 901 3831 apostoliea
922 3747 1064 3813 nonnulli
1087 3766 1126 3809 ex
1147 3746 1239 3811 vobis
1259 3746 1293 3809 in
1315 3745 1490 3828 parrochiis
1511 3753 1543 3810 ct
1568 3744 1713 3809 ecclesiis

505 3840 570 3905 suis
591 3838 718 3922 publice
730 3836 898 3921 predicant
918 3841 949 3901 et
964 3836 1156 3899 denunciant
1171 3854 1227 3899 seu
1244 3836 1326 3900 alias
1339 3834 1544 3918 pertinaciter
1556 3839 1711 3914 asserunt,

507 3927 589 4010 quod
614 3927 692 3992 dicti
719 3927 831 3991 tratres
856 3926 975 3989 nullam
1002 3926 1130 4009 penitus
1155 3924 1374 3989 auctoritatem
1400 3923 1540 3987 babeant
1560 3920 1713 3985 audiendi

506 4018 718 4082 confessiones
741 4015 880 4080 fidelium
909 4022 940 4078 et
965 4036 986 4079 a
1016 4014 1156 4097 praeeatis
1182 4014 1334 4077 confessis
1360 4011 1545 4078 absolvendi
1574 4010 1711 4092 eosdem,

505 4107 566 4171 nisi
593 4106 776 4171 confitentes
806 4123 930 4168 suorum
958 4110 1135 4168 cirratorum
1162 4121 1218 4166 seu
1245 4098 1444 4166 sacerdotum
1465 4099 1712 4183 parrochialium

505 4216 600 4279 snper
631 4196 690 4261 boc
719 4195 880 4275 requirant
907 4195 938 4255 ct
964 4192 1129 4256 obtineant
1156 4191 1303 4273 primitus
1333 4190 1500 4255 licenciam
1528 4188 1711 4272 specialem.

506 4287 622 4353 Omnes
634 4303 708 4350 snos
729 4283 873 4347 subditos
890 4282 1009 4348 eisdem
1025 4280 1175 4346 fratribus
1191 4280 1285 4344 aliter
1298 4280 1482 4344 confitentes
1501 4277 1712 4344 excommuni-

506 4382 615 4442 cantes
635 4381 668 4440 et
688 4374 974 4439 excommunicatos
996 4370 1225 4436 denunciantes
1245 4370 1358 4434 diebus
1378 4368 1555 4448 dominicis,
1575 4374 1606 4431 et
1626 4364 1711 4449 quod

510 4466 581 4551 plus
601 4474 663 4547 est,
689 4484 763 4529 suos
789 4462 933 4531 subditos
960 4460 1079 4527 eisdem
1101 4457 1251 4527 iratribus
1271 4460 1390 4545 absque
1408 4478 1467 4524 sua
1487 4456 1617 4522 lieentia
1638 4475 1710 4520 con-
