4459 5167
929 348 975 405 Nr.
994 351 1018 403 2.
1036 368 1059 406 a
1081 350 1156 405 1257.
1662 348 1697 401 95

402 495 501 579 patris
530 497 626 561 nostri
654 498 828 563 Alexandri
855 518 940 581 pape
960 498 1033 565 llll.
1061 500 1148 565 bulla
1176 500 1364 564 inconcussa
1389 505 1423 563 et
1449 497 1636 562 inconvulsa
1664 504 1697 561 et

396 582 645 651 incontaminata
665 586 785 653 vidisse
813 587 950 653 litteram
970 587 1053 653 hanc
1074 590 1205 654 formam
1225 588 1452 653 continentem:

473 672 655 740 Alexander
684 676 853 759 episcopus
880 694 990 742 servus
1016 695 1178 742 servorum
1205 675 1258 740 dei
1283 674 1521 741 venerabilibus
1546 674 1698 739 fratribus

396 760 644 847 arehiepiseopis
669 772 701 829 et
723 764 882 848 episcopis
906 784 964 849 per
988 766 1170 844 Alemanie,
1203 764 1352 846 Franoie,
1377 763 1479 831 Daoie
1508 769 1541 827 et
1568 761 1697 827 lloemie

394 869 493 932 regna
509 853 688 919 constitutis
705 854 837 919 salntem
853 862 885 919 et
896 853 1103 937 apostolicam
1114 852 1378 919 benedictionem.
1420 852 1559 918 Litterae
1574 857 1697 918 nostras

395 938 486 1003 vobis
506 938 661 1006 direxisse
682 942 880 1007 meminimus
900 942 958 1008 sub
982 942 1042 1008 bac
1062 942 1179 1008 forma:

535 1029 718 1096 Alexander
736 1031 905 1116 episcopus
925 1050 1035 1097 servus
1053 1050 1213 1097 servorum
1230 1030 1284 1112 dei
1298 1030 1538 1096 venerabilibus
1548 1030 1697 1095 fratribus

493 1119 742 1204 archiepiscopis
758 1127 790 1185 et
805 1120 964 1205 episcopis
979 1140 1037 1206 per
1046 1120 1225 1201 Alemauie,
1240 1118 1389 1199 Frende,
1402 1118 1507 1185 Dacia
1522 1128 1556 1185 et
1569 1118 1697 1183 Bromie

492 1226 592 1291 regna
618 1210 797 1275 consututis
824 1210 1010 1275 salutemet
1034 1208 1243 1293 apostolicam
1272 1206 1536 1273 benedictionem.
1584 1206 1697 1271 Recor-

492 1293 605 1361 demur
630 1296 750 1379 liquido
779 1304 811 1363 et
843 1298 1022 1361 memoriter
1054 1298 1241 1378 retinemus,
1274 1297 1359 1379 quod
1391 1294 1513 1361 dudum
1547 1296 1698 1380 apparuit

494 1382 606 1465 religio
631 1385 665 1449 in
694 1387 836 1469 partibus
855 1385 1062 1466 Lombardie,
1090 1385 1179 1451 onius
1203 1386 1397 1471 professores
1417 1384 1524 1449 vocati
1545 1384 1698 1448 heremite

481 1473 617 1568 'ordinis
653 1476 757 1541 saucti
785 1476 956 1557 Augustini
984 1494 1068 1540 nuuc
1100 1474 1252 1541 succincti
1284 1472 1409 1538 tunicas
1440 1492 1511 1537 eum
1542 1472 1697 1555 corrigiis,

495 1561 624 1629 baculos
656 1572 818 1647 gestantes
851 1565 885 1629 iu
913 1564 1075 1644 manibus,
1109 1583 1192 1630 nnnc
1226 1582 1301 1628 vero
1330 1563 1471 1629 dimissis
1501 1562 1625 1628 baculis
1651 1562 1707 1627 in·'

495 1651 664 1733 cedebant,
687 1655 854 1737 pecuniam
875 1674 932 1738 pro
953 1654 1135 1719 elemosinis
1159 1652 1297 1735 aliisque
1316 1652 1526 1736 deposcentes
1547 1650 1699 1716 subsidiis

494 1747 525 1804 et
550 1740 631 1807 adeo
652 1743 814 1809 variantes
839 1743 996 1809 interdum
1022 1743 1151 1808 habitus
1171 1744 1220 1807 sui
1240 1744 1390 1820 formam,
1421 1748 1456 1805 ut
1477 1740 1603 1806 dilectis
1624 1740 1698 1805 liliis

494 1830 645 1897 fratribus
666 1832 838 1899 minoribus
856 1832 1026 1898 uniformes
1044 1832 1077 1896 in
1089 1831 1327 1913 derogationem
1337 1830 1546 1915 multiplicem
1558 1832 1698 1913 ipsomm

494 1918 616 1985 ordinis
649 1921 841 2002 crederetur,
875 1922 995 1987 eisdem
1025 1928 1155 2005 propter
1185 1922 1244 1985 hoc
1281 1920 1434 1984 minorem
1468 1917 1554 2003 apud
1588 1916 1699 1982 fideles

494 2009 705 2076 sentientibus
726 2014 759 2076 iu
779 2012 845 2077 suis
866 2010 1133 2095 oportunitatibus
1153 2010 1329 2073 caritatem.
1371 2008 1456 2073 Saue
1477 2027 1547 2071 cum
1569 2026 1700 2091 paruos

494 2104 570 2163 tuuc
591 2098 623 2163 in
644 2100 759 2165 minori
771 2100 875 2165 oflieio
886 2100 1073 2165 constitutos
1094 2106 1126 2163 et
1148 2100 1230 2164 boue
1250 2096 1463 2161 memorie'l'.¹
1485 2094 1567 2161 tituli
1589 2103 1699 2159 sancte

494 2187 615 2253 Sabine
648 2190 856 2275 presbiterum
887 2189 1080 2255 cardinalem
1109 2195 1184 2253 tune
1215 2188 1248 2253 in
1273 2187 1419 2271 partibus
1444 2184 1508 2250 illis
1539 2184 1700 2266 legatione

495 2277 662 2359 fungentes
683 2278 861 2345 huiusmodi
881 2278 1069 2345 variationis
1083 2278 1277 2364 presumptio
1298 2276 1340 2341 ad
1354 2275 1457 2341 felicis
1473 2273 1701 2339 recordatiouis

494 2366 642 2447 Gregorii
668 2386 753 2450 pape
784 2367 1018 2452 predecessoris
1049 2366 1150 2432 nostri
1183 2365 1379 2430 audientiam
1409 2362 1592 2447 pervenisse
1619 2361 1699 2446 ipse,

495 2472 537 2518 ne
561 2452 745 2539 idemptitas
765 2456 899 2521 vestium
926 2456 959 2519 in
981 2454 1146 2519 ordinibus
1169 2454 1248 2537 ipsis
1279 2452 1493 2518 confusionem
1514 2457 1640 2536 pareret
1659 2469 1701 2513 ac

494 2542 612 2609 deiude
640 2544 794 2609 scandala
819 2544 968 2625 graviora
995 2548 1236 2624 consurgerent,
1266 2539 1310 2605 ad
1337 2545 1536 2621 utrorumque
1564 2538 1701 2622 quietem

495 2630 697 2697 statuendum
730 2633 887 2718 providit,
921 2640 954 2698 ut
987 2633 1108 2716 priores
1142 2639 1174 2696 et
1204 2630 1344 2696 universi
1370 2650 1409 2693 ac
1439 2628 1557 2710 singuli
1588 2628 1702 2692 fratres

493 2720 631 2806 predicti
652 2722 772 2787 ordinis
792 2723 893 2787 saneti
916 2721 1086 2805 Augustini
1107 2721 1141 2785 in
1162 2718 1371 2785 exterioribus
1399 2716 1614 2795 vestimentis,
1641 2734 1701 2798 que

495 2811 579 2893 nigri
615 2810 665 2877 vel
699 2811 764 2874 albi
794 2812 954 2877 debebant
985 2830 1054 2876 esse
1085 2809 1212 2887 eoloris,
1243 2825 1375 2889 quorum
1401 2806 1518 2885 altero,
1552 2805 1703 2869 videlieet

496 2899 605 2981 nigro,
633 2899 696 2965 iam
723 2900 822 2965 eleeto
850 2900 891 2965 ab
918 2901 980 2981 eis,
1006 2900 1092 2984 ipsos
1119 2899 1204 2963 idem
1227 2894 1433 2980 predecessor
1453 2894 1552 2960 voluit
1572 2913 1702 2959 manere

495 2994 672 3063 contentos,
695 2989 803 3071 largas
823 2994 856 3053 et
878 2994 1045 3073 protensas
1065 2986 1223 3065 manicae,
1246 3002 1325 3067 quas
1340 2983 1383 3048 ad
1395 2984 1496 3048 instar
1508 2981 1701 3047 cucullarum

495 3084 529 3143 et
542 3078 680 3161 desuper
698 3078 785 3161 ipsas
804 3076 962 3143 deterrent
978 3074 1158 3160 peramplus
1174 3074 1326 3155 corrigias
1343 3079 1375 3138 et
1394 3078 1538 3156 patenter
1556 3068 1704 3133 omnibus

496 3172 703 3250 apparentem
738 3167 784 3231 ita
811 3173 845 3230 ut
880 3166 965 3248 quod
991 3184 1100 3229 omnes
1135 3164 1232 3228 cincti
1251 3162 1368 3227 deforis
1396 3180 1452 3226 eas
1480 3158 1621 3225 vestibus
1647 3178 1699 3222 ne-

496 3274 656 3338 quaquam
678 3263 880 3339 contegerent
901 3262 933 3320 et
963 3260 1126 3338 portantes
1159 3254 1193 3317 iu
1224 3252 1372 3317 manibus
1402 3248 1532 3316 baculos
1563 3248 1702 3328 quinque

496 3344 673 3428 palmarum
692 3344 858 3427 grandium
880 3364 918 3409 ao
938 3362 1088 3427 expresse
1110 3342 1142 3407 in
1163 3342 1406 3407 elemosinarum
1431 3335 1585 3424 petitione
1610 3335 1701 3399 euius

497 3434 562 3499 sint
600 3433 721 3499 ordinis
760 3434 975 3515 declarantes,
1014 3432 1094 3496 adeo
1133 3450 1261 3496 suarum
1296 3428 1431 3494 vestium
1468 3423 1701 3507 longitudinem

496 3532 717 3607 temperarent,
738 3523 822 3606 quod
834 3524 1102 3607 aquibuscuuque
1114 3522 1254 3604 ipsorum
1270 3518 1479 3584 calciamenta
1494 3514 1594 3579 libere
1614 3511 1701 3577 vide-

496 3626 612 3691 rentur,
623 3619 657 3678 ut
665 3612 712 3679 sic
724 3613 851 3679 babitus
864 3612 1046 3677 confusione
1057 3618 1180 3675 semota
1190 3616 1223 3673 et
1235 3608 1363 3674 sublata
1373 3606 1508 3670 materia
1516 3601 1670 3681 scandali,
1682 3623 1704 3665 a

496 3700 707 3786 predictorum
733 3700 854 3767 ordinis
880 3700 1030 3767 fratribus
1058 3706 1167 3783 posset
1192 3698 1341 3761 virtutum
1368 3694 1497 3759 domino
1518 3690 1649 3755 liberius
1670 3696 1703 3753 et

496 3792 624 3873 granius
648 3790 810 3857 deserviri.
864 3790 942 3856 Cum
970 3796 1075 3853 autem
1107 3788 1243 3852 dilectus
1268 3785 1352 3849 lilius
1381 3790 1490 3847 noster
1515 3778 1700 3861 Rlicardusl

500 3880 601 3944 sancti
612 3880 728 3963 Augeli
743 3880 897 3945 diaeonus
914 3877 1087 3943 cardinalis
1098 3877 1264 3941 universas
1275 3872 1385 3939 domos
1397 3879 1430 3938 et
1439 3868 1702 3951 congregationes

499 3968 719 4035 heremitarum
734 3967 955 4051 predictorum,
965 3984 1095 4048 quarum
1109 3964 1245 4047 quedam
1256 3962 1359 4027 saneti
1371 3958 1549 4043 Augustini,
1565 3957 1712 4040 quedam¹

497 4057 600 4123 saneti
625 4056 805 4136 Guillelmi,
836 4053 986 4119 nonnulle
1018 4061 1124 4117 autem
1154 4052 1259 4117 fratris
1287 4051 1438 4116 lobannis
1465 4048 1562 4129 Boni,
1595 4047 1702 4128 alique

500 4146 540 4210 de
571 4144 700 4223 Fabali,
736 4144 799 4209 alie
832 4164 905 4209 vero
937 4143 978 4208 de
1005 4142 1156 4207 Brictiuis
1190 4140 1413 4212 censebantur,
1452 4138 1486 4200 in
1517 4138 1635 4200 antca2
1669 4136 1702 4199 iu

499 4254 592 4300 unam
615 4234 747 4301 ordinis
776 4234 998 4299 heremitarum
1027 4232 1131 4296 sancti
1158 4230 1328 4311 Augustini
1357 4226 1584 4312 professionem
1612 4243 1703 4307 regu·

498 4324 594 4391 larem
623 4322 858 4389 observantiam
886 4329 1039 4405 perpetuo
1072 4320 1114 4383 de
1141 4318 1291 4383 mandato
1312 4326 1419 4381 nostro
1442 4314 1568 4379 duxerit
1593 4315 1703 4379 unien-

498 4410 573 4491 das,
601 4419 632 4475 et
653 4430 710 4475 nos
731 4409 810 4475 dieti
836 4408 1009 4473 cardinalis
1035 4425 1215 4491 processum
1242 4405 1482 4470 convenientem
1503 4422 1573 4467 com
1595 4402 1702 4466 volun-

498 4502 574 4575 tatis
604 4506 709 4575 nostre
737 4502 898 4594 proposito
926 4496 1142 4591 approbantes
1162 4494 1318 4591 premissa
1338 4492 1444 4562 omnia
1464 4492 1612 4561 duximus
1631 4511 1702 4560 eou-
