4459 5167
826 348 871 401 nr.
890 348 1010 399 :ts-ev.
1029 364 1054 399 e
1076 344 1152 411 rasa,
1176 344 1248 396 uase.
1661 342 1693 393 ar

396 536 448 631 to.
475 534 517 614 Z.
544 554 635 631 geg.
663 533 787 631 ttae).
1628 525 1694 606 36.

492 668 625 749 Bisdiot
648 667 764 731 VoIrod
790 688 849 730 emt
875 666 1093 741 IIoIbersiodt,
1128 667 1213 745 (irtus
1238 663 1374 727 Kortrod
1398 684 1453 726 rme
1478 661 1696 741 tiernipcrodc

491 766 562 829 aad
581 766 632 828 dte
653 764 778 845 Grofen
807 764 911 829 l-trict
931 765 1000 825 ovid
1022 762 1174 826 Heinrich
1194 782 1235 825 att
1258 760 1455 841 ldpmtoteia,
1483 758 1634 821 Heinrich
1654 778 1695 822 etc

492 862 722 943 Blcmleeaburq
747 862 909 942 beecrcpen,
935 863 1010 923 ‹tcss
1042 860 1180 925 Gerdode
1207 880 1263 921 cort
1289 858 1432 937 serapem
1460 862 1521 936 atet
1549 855 1610 919 otu
1628 856 1695 918 Aa·

492 960 626 1039 spvtieive
646 980 691 1021 aa
711 960 801 1022 cireen
823 959 895 1040 Hof
909 959 979 1021 arrd
999 959 1073 1022 aucei
1088 957 1199 1037 Hufeu
1223 956 1255 1019 ivt
1269 955 1410 1035 latapetra
1432 953 1591 1017 verar'eittd
1611 952 1696 1017 liobe.

494 1058 582 1137 Gros
616 1056 753 1119 Koarod
785 1056 897 1119 sicher
934 1056 994 1119 dea
1029 1053 1414 1125 Dentiscitordensbriidemr
1447 1054 1552 1114 seivten
1586 1051 1697 1115 metue

488 1175 586 1235 peperi
607 1155 733 1234 etweipe
751 1153 979 1235 Beseiuiaapea
995 1152 1158 1227 Gerbodea
1179 1152 1247 1215 dein
1267 1150 1318 1213 die
1331 1150 1461 1213 Briider
1483 1170 1554 1213 eura
1568 1148 1696 1212 Zoicitea

488 1252 546 1315 der
566 1251 780 1331 Aumdiaurtp
801 1253 866 1315 cier
887 1251 986 1315 Merit
1005 1251 1108 1331 pedere.

472 1365 622 1429 Wiradus
642 1366 695 1429 dei
716 1365 1130 1448 graciaiiaiberstatdensis
1151 1364 1284 1431 ecclesie
1306 1366 1483 1447 episeopus,
1505 1362 1696 1431 Ctonradust

393 1476 494 1520 comes
521 1455 561 1519 de
589 1456 830 1537 Werningcroth
843 1459 864 1533 ¹,
895 1456 1044 1535 Otlrious)
1077 1465 1108 1519 et
1135 1454 1303 1533 Htenricus
1350 1454 1480 1517 comites
1507 1452 1547 1517 de
1576 1452 1696 1533 Regen-

392 1546 506 1617 stcine‚
535 1544 716 1624 Htenricus)
738 1566 842 1609 comcs
864 1544 904 1609 de
925 1544 1152 1625 Biaukeuburg
1178 1543 1323 1609 omnibus
1348 1551 1524 1628 presentem
1547 1540 1697 1624 paginam

393 1633 735 1717 inspecturissaiutem.
778 1634 826 1698 Ne
847 1654 885 1698 ea
906 1654 965 1715 qno
987 1653 1093 1699 eoram
1116 1634 1207 1697 nobis
1229 1642 1373 1715 aguntur,
1395 1630 1547 1695 oblivioni
1571 1628 1696 1693 tradan-

391 1730 447 1801 tur,
468 1721 609 1805 expedit,
630 1729 663 1786 ut
684 1742 724 1785 ea
744 1742 804 1804 que
817 1730 963 1803 aguntur,
984 1723 1017 1785 in
1038 1722 1159 1804 scripta
1176 1722 1304 1805 publiea
1320 1720 1513 1803 redigantur.
1556 1718 1697 1782 llineest

392 1812 492 1888 enim,
519 1809 603 1891 qnod
630 1818 737 1876 tenore
763 1813 954 1894 presentium
982 1818 1203 1892 protestamur,
1229 1810 1312 1913 quod
1339 1808 1504 1873 Gorebode
1529 1808 1632 1871 dietus
1657 1806 1698 1869 de

394 1898 532 2002 Langeie
560 1899 644 1962 omni
671 1900 746 1979 iuri,
774 1900 857 2003 quod
884 1920 918 1964 se
946 1898 1074 1963 dicebat
1097 1898 1206 1963 haberi
1220 1898 1294 1973 (i)
1286 1917 1318 1961 m
1346 1898 1434 1963 curia
1459 1908 1491 1961 et
1516 1897 1548 1959 in
1574 1896 1697 1960 duobus

393 1989 512 2051 mansis
532 1988 633 2052 sitis
624 2008 656 2050 in
677 1988 756 2051 villa
784 1997 816 2051 et
836 1989 869 2051 in
897 2008 981 2071 pago
1001 1988 1156 2093 Lapgele‚
1187 2008 1265 2070 quos
1292 1988 1403 2053 iratres
1430 2006 1450 2049 a
1476 1986 1603 2049 domiuo
1625 1984 1696 2048 Ber-

392 2083 524 2140 trammo
545 2085 700 2155 emerunt,
725 2078 758 2140 in
788 2086 895 2142 nostra
922 2078 1084 2159 presentia
1114 2077 1292 2141 voluntarie
1317 2075 1524 2141 renunciavit.
1567 2069 1699 2156 insuper

392 2165 536 2245 promisit
557 2184 661 2229 comes
682 2125 847 2231 Comedus
866 2166 907 2231 de
925 2166 1168 2248 Werningeroth
1190 2186 1247 2249 pro
1268 2186 1320 2245 eo,
1346 2174 1381 2230 ut
1401 2165 1458 2229 hoc
1479 2162 1641 2247 disponat,
1663 2171 1698 2226 ut

392 2254 504 2317 fratres
528 2253 568 2317 de
590 2254 780 2335 Langelea
800 2274 857 2319 suo
878 2256 1006 2319 carnale
1027 2257 1124 2319 fratre
1154 2256 1221 2319 sive
1242 2274 1347 2321 sorore
1374 2253 1469 2319 ullam
1497 2256 1696 2317 vexationem

302 2370 306 2377 ·
392 2350 519 2425 propter
540 2342 627 2407 dicta
648 2344 730 2407 bona
751 2344 791 2408 de
813 2353 915 2409 cetero
937 2345 1112 2428 paciantur,
1136 2345 1180 2409 ita
1201 2344 1360 2423 videlicet,
1382 2352 1415 2407 ut
1437 2342 1463 2405 si
1485 2341 1697 2405 diotusGere-

392 2431 470 2497 bode
492 2433 545 2495 vei
566 2432 664 2497 frater
683 2440 738 2496 aut
759 2452 845 2498 soror
861 2434 974 2497 fratres
990 2432 1111 2497 ordinis
1122 2433 1272 2517 deinceps
1283 2434 1424 2517 inpetere
1439 2430 1696 2515 presumpserint,

393 2520 516 2585 comitis
547 2520 684 2585 Conradi
710 2540 774 2583 nna
801 2541 870 2585 cum
899 2521 1048 2585 iratribus
1076 2522 1266 2589 inimicicias
1288 2542 1322 2586 se
1348 2520 1493 2585 noverint
1518 2520 1695 2585 incurrisse.

391 2608 425 2669 In
446 2610 575 2690 signum
596 2609 739 2674 amicicie
760 2609 914 2692 sepedicti
936 2610 1259 2675 iratresGerebodoni
1278 2618 1412 2692 quatuor
1433 2610 1697 2675 marcasHaiber·

391 2698 553 2761 stadeneis
575 2699 698 2779 argenti
720 2699 892 2777 dederunt,
912 2705 945 2761 nt
966 2700 1113 2763 amicicia
1136 2700 1218 2763 inter
1237 2700 1324 2783 ipsos
1346 2698 1574 2763 inviolabiliter
1593 2699 1696 2763 obser-

391 2795 488 2850 vetur.
533 2787 633 2851 Huius
653 2788 697 2851 rei
718 2796 815 2852 testes
836 2797 923 2852 sunt:
942 2788 1039 2852 frater
1059 2791 1151 2852 Anno
1169 2789 1321 2870 magister
1337 2788 1457 2852 ordinis
1479 2789 1588 2853 domus
1610 2788 1696 2851 theu-

392 2876 506 2948 tunioe;
534 2877 630 2940 frater
654 2876 812 2941 Iohannes
838 2876 878 2941 de
899 2877 1069 2958 Wegeleve
1094 2876 1235 2941 eiusdem
1260 2878 1397 2957 ordinis,
1423 2878 1520 2941 tiator
1546 2877 1697 2942 Ludoit'us

393 2963 430 3029 de
450 2964 597 3044 Esbeke,
621 2964 718 3029 frater
739 2965 904 3030 Bertoldus
931 2965 972 3031 de
994 2965 1177 3047 Grndiorm,
1206 2966 1302 3031 t'rater
1323 2966 1411 3031 Bodo
1438 2966 1477 3030 de
1500 2965 1696 3032 Wanscleve.

394 3050 433 3116 Ut
453 3051 619 3203 huipp)
571 3053 616 3116 rei
637 3053 794 3118 ordinatio
814 3054 904 3118 firma
925 3063 1054 3119 maneat
1080 3061 1112 3119 et
1138 3055 1327 3135 inconwlsa,
1352 3055 1468 3137 sigiliis
1490 3054 1604 3119 nostris
1624 3056 1697 3119 feci-

393 3159 459 3205 mus
479 3161 514 3203 ro
559 3142 629 3204 rari

467 3256 528 3308 Von
545 3254 596 3308 den
615 3257 668 3309 sier
684 3257 983 3327 {capciuiapteastepeia
992 3260 1027 3312 ist
1044 3260 1110 3323 eiras,
1130 3258 1180 3311 dcta
1191 3260 1238 3313 Gr.
1250 3258 1426 3313 Heiaricimtz
1439 3260 1604 3328 lieperveteia,
1623 3261 1697 3313 uiolet

394 3325 846 3395 aehrrorhoncieuewcrsvndpot
864 3328 922 3381 civo
935 3330 1436 3397 tropetentnrvscitcrheitendoetrro
1452 3316 1698 3399 dimersionem

393 3399 457 3448 stein
473 3398 509 3449 iat
529 3396 586 3461 Tes.
605 3367 668 3461 V'fl,
687 3396 732 3449 Nr
748 3401 783 3450 54
800 3398 949 3466 cdpebildct
971 3398 1022 3453 dcte
1038 3400 1114 3465 Grot'
1126 3400 1254 3453 Koarocis
1275 3368 1332 3465 tin.
1351 3401 1396 3467 t⁷‚r
1415 3337 1466 3454 uVr.
1480 3404 1521 3453 45
1537 3401 1642 3455 Uracitr.
1654 3402 1696 3455 W.

462 3502 490 3569 1)
511 3500 628 3556 Hdsehr.
648 3502 863 3571 Werningeroeh.

395 3746 509 3829 1283.
537 3748 663 3848 April
681 3750 718 3831 ὃ.
761 3750 1079 3849 Vernigcrode.
1635 3755 1695 3837 37.

493 3882 639 3959 Konrod,
663 3884 756 3965 Grof
769 3904 810 3948 aa
830 3886 1057 3967 li'eraiqerode,
1078 3892 1216 3968 pestuttoi
1239 3889 1298 3951 rien
1313 3886 1698 3953 Doretscltomicmsdrddcrrv

491 4000 534 4044 eu
567 3980 711 4062 senecia
747 3982 997 4064 dreimoisecireip
1030 3984 1142 4047 scinct-
1175 3984 1301 4049 Rodien
1334 4006 1394 4049 env
1428 3986 1598 4064 devocione
1629 3988 1699 4051 tend

492 4078 657 4158 soasiipem
684 4080 809 4159 eipeaea
835 4081 999 4145 Gedroncie
1024 4083 1068 4145 int
1094 4082 1294 4163 Becenbcrpe
1323 4084 1385 4164 srci
1411 4104 1469 4147 oon
1490 4084 1698 4164 Formidine

492 4175 566 4238 oder
577 4175 753 4240 Forstrectt
771 4198 812 4242 eu
833 4179 1006 4255 schrteidea,
1030 4200 1168 4261 coepepen
1189 4180 1325 4244 dosselde
1344 4200 1385 4245 en
1405 4182 1514 4243 mitae
1538 4183 1585 4259 ist,
1610 4203 1698 4245 nterea

494 4274 544 4335 eia
574 4274 718 4356 Veritatis
732 4276 805 4339 oder
833 4275 1016 4357 Veryobnap
1035 4278 1088 4339 des
1107 4277 1328 4359 peschlopeaen
1348 4276 1508 4342 Hoiecsi
1479 4280 1661 4358 sittitfinide.

473 4388 540 4453 Nos
561 4390 725 4455 Conradus
752 4391 804 4456 dei
831 4393 942 4473 gracia
964 4412 1069 4456 comes
1089 4394 1130 4456 de
1152 4393 1395 4497 Werningeroth
1418 4394 1562 4459 omnibus
1584 4396 1699 4477 quibus

396 4474 452 4540 heo
479 4478 587 4543 littera
613 4480 708 4544 fuerit
694 4480 890 4562 texhibita,
925 4482 1096 4545 salutem
1088 4502 1120 4545 m
1155 4482 1293 4546 omnium
1330 4483 1496 4548 salvatore
1538 4484 1694 4563 Quoniam
