4459 5167
792 346 838 399 Nr.
858 348 977 400 25-27.
996 366 1018 401 a.
1041 349 1232 402 rasa-1265.
1637 353 1671 406 21

362 493 476 575 1263.
504 494 600 575 lull
620 495 682 575 14.
735 494 1082 595 Braunsobweig.
1605 501 1669 585 26.

464 628 627 707 Beatam,
658 630 784 695 Comttu
812 650 854 694 eu
881 630 1039 711 Loapelu,
1065 634 1213 712 omlrooft
1238 635 1306 697 eino
1334 633 1422 716 Hoste
1446 636 1516 698 aad
1535 635 1603 717 Hos
1626 659 1668 702 ru

463 726 614 791 Birueade
638 748 683 791 oa
708 728 767 791 das
792 748 871 791 uerte
898 727 1046 809 Hospitdl
1067 750 1109 794 eu
1137 730 1399 811 Bruuasolnoeip,
1431 752 1486 794 ura
1511 752 1570 796 oon
1600 736 1668 797 dem

416 856 422 863 ·
463 824 572 889 Erlb'se
597 826 648 889 dio
676 845 734 889 voa
761 817 945 889 Eebebreolrt
971 828 1040 889 dont
1067 827 1213 892 Aelteren
1246 831 1288 908 (o.
1318 828 1347 891 d.
1374 829 1549 911 Asseborg)
1575 851 1668 911 arape-

461 921 593 1003 leuoflea
616 922 717 987 Griter
735 923 772 986 iu
793 922 949 987 Luelolum
970 944 1011 989 ru
1032 924 1184 990 daedalea.

444 1036 607 1103 Universis
625 1037 743 1103 Christi
764 1037 911 1103 fidelibus
930 1046 1108 1123 presentem
1131 1041 1282 1123 paginam
1303 1041 1668 1124 inspecturisBertoldus

361 1125 393 1186 in
422 1123 532 1189 ordine
565 1124 676 1190 domus
712 1127 900 1191 teuthonioe·
923 1128 1158 1193 commendator
1188 1130 1221 1192 in
1253 1129 1459 1211 Langhenem
1491 1133 1667 1198 orationum

361 1213 589 1296 plenitudinem
622 1214 816 1280 devotarum.
868 1214 1025 1292 Quoniam
1057 1216 1145 1281 laeta
1178 1217 1338 1283 bominum
1365 1219 1461 1283 etiam
1491 1220 1668 1286 laudabilia

359 1302 525 1384 inopinato
547 1310 661 1368 eventu
684 1303 791 1387 sepius
813 1311 1066 1387 corrumpuntur,
1097 1306 1158 1369 nisi
1186 1307 1322 1388 posteris
1341 1327 1399 1390 per
1417 1309 1527 1390 scripti
1553 1328 1669 1373 memo-

361 1393 441 1455 riam
462 1392 580 1456 oblivio
602 1394 764 1456 auferatur
784 1399 816 1457 et
837 1394 956 1456 veritas
978 1395 1161 1476 inportetm,
1184 1395 1259 1458 hino
1280 1403 1342 1474 est,
1363 1394 1447 1476 quod
1468 1403 1576 1459 notum
1598 1417 1667 1463 esse

361 1482 504 1545 volumus
525 1490 588 1545 tam
611 1482 809 1564 presentibus
829 1501 923 1563 quam
943 1482 1064 1561 futuris,
1085 1483 1170 1565 quod
1189 1504 1247 1547 nos
1268 1482 1450 1549 deficientes
1464 1487 1498 1547 in
1521 1487 1666 1568 pecunia,

360 1590 431 1632 oum
464 1570 547 1635 bona
577 1572 700 1635 solvere
737 1569 938 1651 deberemus,
978 1591 1038 1651 que
1071 1573 1104 1635 in
1139 1572 1320 1637 Luekenem
1360 1582 1470 1637 eontra
1507 1574 1667 1638 dominum

359 1657 528 1723 liebertum
557 1660 689 1724 emimus
715 1659 884 1738 seniorem,
917 1659 960 1723 ad
993 1679 1107 1724 novum
1136 1660 1294 1744 hospitale
1327 1661 1359 1724 in
1392 1660 1541 1728 bonorem
1575 1663 1667 1727 beate

361 1746 501 1829 Virginis
522 1748 770 1813 inllruneswieh
792 1747 972 1813 edificatum
994 1749 1034 1813 de
1056 1751 1212 1814 communi
1225 1770 1379 1816 consensu
1394 1752 1525 1815 fratrum
1545 1762 1665 1816 nostro-

359 1854 427 1899 rum
457 1856 551 1900 unum
582 1858 723 1902 mansum
759 1844 790 1900 et
823 1856 918 1901 unam
953 1839 1070 1902 ouriam
1105 1839 1137 1901 in
1165 1839 1339 1905 Biwendhe
1371 1839 1571 1904 vendidimus
1599 1840 1667 1905 iure

360 1933 512 2006 perpetuo
539 1926 761 2008 possidendos,
789 1926 939 1991 videlieet
966 1947 1035 1991 enm
1066 1929 1151 1991 omni
1180 1928 1333 2009 utilitate,
1361 1949 1455 2010 qnam
1488 1929 1607 1994 babent
1633 1932 1665 1994 in
1732 1998 1734 2003 ,

357 2012 446 2091 villa,
468 2014 554 2096 agris
574 2013 676 2095 cultis,
700 2014 857 2093 colendis,
879 2016 1008 2098 pascuis
1032 2022 1062 2079 et
1083 2016 1115 2079 in
1138 2016 1247 2098 pratis.
1291 2015 1334 2081 Ut
1354 2022 1458 2081 autern
1480 2016 1539 2080 heo
1559 2026 1667 2082 nostra

357 2100 500 2165 venditio
533 2101 624 2166 iirrna
652 2111 683 2169 et
709 2103 869 2168 inmobilis
890 2111 1092 2191 perseveret,
1128 2104 1188 2169 boo
1214 2105 1366 2186 seriptum
1393 2104 1540 2171 dedimus
1566 2107 1666 2170 nostri

357 2189 458 2271 sigilli
477 2192 649 2255 munimine
667 2193 856 2257 roboratum.
898 2192 1010 2258 Testes
1032 2193 1125 2257 huius
1147 2194 1222 2257 laeti
1245 2203 1331 2257 sunt:
1356 2195 1453 2259 lister
1471 2194 1667 2275 Helmoldus,

356 2282 455 2343 trater
477 2279 595 2344 Beteko
614 2280 654 2344 de
676 2282 855 2361 Gral'borst,
875 2284 971 2345 irater
988 2283 1146 2347 Iohannes
1168 2284 1356 2364 cognomine
1380 2284 1548 2359 Nortoeeo,
1568 2285 1666 2349 irater

357 2368 548 2433 Thiderieus
574 2370 614 2433 de
639 2368 791 2434 Biwende
816 2368 900 2433 iilius
923 2370 1119 2453 Menobardi,
1148 2372 1294 2435 dominus
1314 2372 1468 2437 liebertus
1494 2372 1597 2437 iunior
1624 2371 1665 2436 de

356 2458 554 2538 Assebureh,
580 2458 725 2523 dominus
747 2458 898 2523 Ludollus
918 2458 959 2523 de
979 2460 1169 2542 lerkessem,
1199 2460 1331 2542 milites,
1360 2459 1515 2523 Henrious
1535 2459 1664 2542 Longus

355 2556 389 2611 et
409 2546 564 2611 lohannes
584 2548 680 2613 frater
701 2567 790 2625 suus,
818 2547 973 2613 Henrious
993 2548 1179 2630 Holtniker‚
1206 2549 1303 2614 Heiso
1332 2557 1365 2613 et
1384 2548 1541 2613 Iohannes
1567 2551 1665 2613 irater

355 2654 433 2700 suus
454 2635 493 2699 de
515 2635 710 2717 Luelreneru,
731 2636 886 2700 Henrious
905 2637 1044 2717 Timmo,
1068 2638 1222 2703 Henrious
1243 2639 1284 2703 de
1305 2645 1414 2702 saneto
1434 2635 1612 2700 lliobabele
1633 2644 1664 2700 et

356 2725 523 2791 Comedus
545 2725 586 2790 de
604 2726 732 2791 Vrosen.
896 2778 897 2781 ¹

437 2814 519 2878 Aeta
555 2821 627 2879 sunt
652 2816 711 2879 hee
744 2815 776 2881 in
805 2816 1022 2896 Bruneswioh,
1059 2835 1143 2879 anno
1176 2816 1297 2880 domini
1325 2814 1580 2895 M⁰CO⁰LX⁰Ill⁰,
1612 2814 1662 2877 ll⁰

355 2904 430 2967 idus
452 2903 532 2967 lulii.

434 3019 538 3073 Ureelsr.
563 3020 611 3073 md
639 3019 699 3073 dem
727 3020 827 3087 lafil.
852 3019 905 3074 Nr.
925 3025 941 3073 1
962 3020 1153 3089 abpeba'ldeten,
1183 3038 1238 3073 aur
1260 3022 1292 3072 ia
1313 3019 1361 3073 der
1382 3020 1506 3074 &bassei
1527 3022 1663 3073 oerletmn

354 3090 440 3155 &arel
458 3090 495 3141 im
512 3088 683 3144 Stodturelu'o
699 3107 734 3143 tn
752 3090 969 3159 Browuscbwea'p.
1010 3091 1067 3144 Voa
1086 3092 1241 3144 u¹useerbalb
1259 3091 1295 3144 iet
1311 3091 1430 3144 ziemlieb
1445 3091 1605 3159 pler‘cbzeitip
1621 3091 1661 3143 be·

353 3160 452 3214 urmltt:
471 3161 505 3214 de
522 3177 574 3214 uuo
592 3177 682 3214 maneo
699 3161 727 3214 in
744 3162 889 3215 Biueudou.

428 3228 506 3285 Gedr.
514 3230 644 3285 Pistorius
652 3232 829 3286 amoenitates
838 3231 1072 3298 histor-juridicos
1082 3231 1224 3288 vitasse.
1243 3232 1401 3296 ,teselnaoer
1411 3230 1662 3296 &natuturam

429 3298 490 3352 Fri-r
510 3300 647 3353 desselben
673 3300 957 3355 Urkundeuooesteller
974 3302 1009 3353 ist
1028 3300 1112 3355 irater
1132 3302 1272 3354 Bertoldus
1291 3287 1489 3355 commendator
1506 3301 1663 3367 inLangele
1774 3318 1779 3327 ·
1833 3284 1837 3293 ’

352 3388 401 3423 aru
421 3374 444 3423 4.
464 3370 574 3423 Jrrauor
593 3371 648 3437 (11⁰
672 3388 753 3425 nonas
771 3370 900 3432 Ianuarii)
927 3371 994 3423 1264
1018 3372 1048 3422 iu
1065 3370 1241 3424 Hrrlberstodt
1259 3370 1413 3437 oawmerul,
1440 3370 1601 3439 despleieheo
1624 3387 1663 3422 aa

353 3440 501 3493 &amedeo
514 3440 582 3507 lupe
598 3440 714 3509 saplewb
733 3440 781 3493 mit
790 3440 874 3495 frater
883 3442 1012 3495 lohannes
1030 3442 1158 3508 plebanus
1175 3442 1204 3494 in
1215 3442 1331 3509 Langele
1350 3442 1402 3508 (opi
1428 3440 1452 3491 d.
1473 3441 1583 3493 endebrie
1598 3439 1664 3505 Nr.)

353 3510 531 3563 memoraba
562 3511 593 3562 ia
616 3510 688 3563 eiam
717 3510 779 3563 Urit.
813 3509 860 3563 der
879 3510 967 3563 Edlen
991 3528 1040 3563 rou
1060 3510 1190 3579 Qrtersitrt
1211 3514 1259 3576 lii-r
1283 3510 1335 3563 den
1352 3510 1494 3563 deutsclmr
1514 3509 1603 3565 Ordeu
1630 3510 1662 3563 iu

355 3580 500 3633 Laelium.
538 3580 699 3649 Asselmrper
722 3579 891 3634 Urkundenlr.
911 3580 936 3649 I,
955 3580 1006 3634 Nr.
1025 3585 1078 3634 319
1095 3580 1154 3633 rmd
1173 3584 1233 3634 320.

352 3850 471 3933 1264.
498 3851 681 3932 betober
699 3852 760 3932 19.
815 3850 1106 3934 Hulberstodt.
1599 3851 1659 3933 27.

456 3982 525 4049 Der
544 3983 908 4049 Deutscltordeusbruder
933 3987 1002 4049 arrad
1030 3986 1166 4067 Pfurrer
1190 3986 1352 4051 Jouoaoes
1376 4008 1418 4052 au
1446 3987 1589 4068 Lougelu
1617 3989 1662 4052 be-

455 4084 603 4164 smeiniyt
622 4084 671 4146 uls
690 4084 878 4163 piipslliolter
899 4084 1045 4161 Nautius
1066 4086 1135 4147 clero
1158 4084 1234 4164 stru
1255 4085 1286 4149 S.
1305 4085 1440 4149 Smootii
1460 4105 1502 4149 aa
1515 4086 1663 4165 Qtredliu-

456 4181 534 4261 bury
555 4182 614 4244 «tea
636 4180 799 4262 Empfuap
826 4202 884 4245 voro
912 4183 976 4245 oter
999 4183 1098 4245 Moris
1123 4182 1214 4246 Halo.
1242 4183 1448 4264 oierjdbriper·
1469 4182 1587 4245 Ziuseu
1606 4186 1664 4263 fiir

455 4279 506 4341 die
524 4278 695 4357 pdpstlo'oloe
714 4278 876 4342 Kommer.

434 4394 588 4458 Novar-int
619 4395 757 4459 universi
792 4405 954 4477 presentes
987 4397 1108 4460 litteras
1140 4396 1328 4479 inspecturi,
1358 4395 1443 4478 quod
1475 4417 1532 4459 nos
1565 4397 1661 4460 frater

348 4486 526 4563 lohannes,
547 4482 716 4567 hospitalis
736 4492 844 4550 sancte
867 4484 967 4549 Mario
988 4486 1269 4565 Tbeutonioorum,
1290 4485 1445 4569 plebanus
1467 4484 1499 4546 in
1520 4485 1661 4566 Langele
