4459 5167
532 307 584 362 122
842 309 1005 378 Arrgnstiner
1021 309 1272 365 Einsirdlcrlrlostcr
1292 309 1519 378 Himmelpiortcn.

525 457 616 523 sione
636 457 668 522 in
690 457 784 522 robur
803 458 944 522 validum
965 458 1142 524 studuimus
1163 459 1371 544 perhennare.
1411 458 1513 524 Huius
1533 456 1712 524 collationis
1734 461 1832 524 testes

526 552 616 626 sunt,
647 566 777 628 quorum
803 549 932 612 nomina
957 548 1177 612 subsecuntur:
1213 549 1358 612 dominus
1387 548 1535 612 Hinricus
1561 553 1692 630 patruus
1715 553 1832 628 noster,

526 636 675 701 sacerdos
694 642 726 700 et
747 637 931 702 scolasticus
951 638 1083 702 ecclesie
1105 645 1214 702 sancte
1235 637 1335 703 Marie
1356 637 1490 718 virginis
1511 637 1543 700 in
1565 637 1757 716 Halberstat,
1776 636 1831 702 do·

525 727 629 790 minus
645 725 860 792 Theodericus
880 726 1026 791 similiter
1042 733 1173 810 patruus
1194 735 1308 807 noster,
1330 726 1475 792 dominus
1500 726 1657 791 lohannes
1679 733 1711 790 et
1731 725 1830 790 domi-

526 835 585 879 nus
603 815 802 880 Hermannus
826 814 905 880 dicti
932 815 973 880 de
1000 816 1223 898 Diogelstede‚
1250 816 1396 880 dominus
1421 815 1605 880 Helmoldus
1633 833 1829 879 commorans

526 903 746 986 Wernigrode‚
767 904 897 985 milites3
919 905 1155 972 Hildebrandus
1177 905 1279 972 dictus
1297 905 1338 970 de
1354 907 1539 986 Stengrove,
1561 911 1705 985 etonem
1724 905 1831 986 plures

527 991 583 1059 alii
604 993 666 1058 fide
687 993 787 1076 digni.

606 1083 724 1148 Datum
745 1102 829 1147 anno
846 1082 965 1146 domini
978 1083 1245 1162 M⁰CC⁰XC⁰Vll⁰‚
1267 1084 1395 1149 infesto
1415 1084 1516 1150 saneti
1528 1083 1667 1162 Martini,
1688 1082 1829 1166 episcopi

526 1172 665 1255 gloriosi.

601 1288 706 1342 Urcclrr.
726 1288 763 1341 im
782 1289 832 1357 lpl.
853 1288 1018 1342 Stoistsoreli.
1036 1306 1070 1343 ru
1088 1288 1180 1357 ellopd.
1216 1289 1299 1358 Sr'epel
1315 1291 1390 1343 nicht
1409 1291 1483 1344 melu
1500 1287 1661 1343 rorhorulen.

526 1395 625 1518 erait)
644 1393 744 1448 Hirstcr
757 1394 883 1451 similiter
895 1395 963 1448 stelit
976 1396 1007 1447 in
1024 1395 1049 1449 d.
1065 1394 1170 1450 Ursclrr.
1185 1397 1252 1449 noclr
1266 1395 1481 1450 drerelretriclten:
1496 1398 1589 1452 eciem.
1609 1425 1642 1433 -
1661 1396 1689 1462 2)
1699 1394 1831 1449 Rusone.-

621 1481 644 1519 ο.

526 1602 640 1684 1298.
668 1602 786 1683 lliiru
807 1603 867 1684 21.
1765 1603 1830 1685 38.

628 1739 811 1820 Margareto
829 1752 904 1820 (uon
928 1741 1061 1820 Flesse),
1084 1745 1242 1808 Aeolissirt
1262 1765 1303 1809 ru
1324 1743 1482 1820 Drdlrculr,
1509 1743 1650 1818 dederint,
1681 1739 1832 1804 crassior

627 1837 847 1902 Klostcrlitoric
863 1838 992 1904 Jolrorrrr
1012 1842 1225 1906 uortllloldckc
1243 1863 1329 1905 ticon
1349 1842 1414 1905 iiim
1432 1863 1499 1905 omit
1512 1842 1551 1905 K
1554 1841 1643 1903 lostcr
1664 1839 1832 1902 conlidi-ene

628 1935 761 2015 Morpcn
787 1936 931 2001 overlant
955 1960 996 2002 err
1024 1940 1172 2003 1111ιί16111)-
1193 1940 1379 2021 (notione),
1407 1941 1458 2002 die
1483 1961 1516 2001 cr·
1543 1940 1603 2002 den
1631 1943 1652 2000 3
1681 1936 1831 2000 Tdclrterui

626 2034 726 2095 seinos
736 2032 921 2114 Sclwopers,
941 2037 994 2099 des
1003 2035 1182 2101 Driilieelrcr
1199 2037 1544 2112 transscendere
1560 2033 1833 2114 lebertsldnpliclucr

627 2129 863 2211 Nutaniessrmp
895 2134 1041 2212 versatili
1068 2135 1141 2210 dot,
1184 2135 1217 2197 in
1247 2133 1432 2215 chenroort
1465 2135 1518 2196 des
1543 2133 1718 2206 Joltonrtes,
1761 2131 1832 2203 istst

628 2229 956 2307 Asposroreroroders
982 2236 1078 2299 (nnnc
1103 2233 1225 2297 ordinis
1251 2233 1352 2296 sancti
1379 2232 1574 2314 Augustini),
1599 2250 1659 2294 rto·
1683 2228 1750 2292 Zcit
1778 2228 1833 2290 cles

634 2324 791 2407 Verlucio
810 2326 883 2389 obcr
907 2326 1034 2407 Propsts
1052 2349 1093 2392 zu
1114 2327 1267 2407 Driibcclr,
1287 2330 1435 2410 resipui-id
1454 2329 1517 2393 leot.

609 2442 644 2506 ln
666 2441 755 2505 cuius
777 2441 851 2505 l'acti
872 2442 1083 2509 testimonium
1104 2444 1227 2510 litteras
1250 2453 1412 2530 presentes
1433 2465 1527 2529 super
1549 2443 1609 2508 lroc
1630 2441 1831 2524 erogavimus

527 2529 627 2612 sigilli
654 2531 752 2596 nostri
780 2532 952 2596 munimine
977 2553 1036 2597 nec
1063 2554 1125 2599 uon
1150 2535 1257 2600 fratris
1285 2535 1324 2599 H.
1350 2536 1427 2600 dicti
1460 2535 1501 2599 de
1527 2530 1688 2612 Mnlbeke,
1717 2530 1832 2613 prioris

525 2619 656 2772 fretrtizrlm
675 2619 796 2685 ordinis
817 2622 917 2686 sancti
936 2623 1105 2705 Augustini
1126 2625 1157 2688 in
1174 2625 1270 2689 Porta
1281 2625 1358 2706 Geli,
1378 2624 1542 2689 roboratas
1563 2622 1596 2686 in
1617 2619 1831 2686 testimonium

525 2709 593 2773 reri
629 2710 679 2772 tis.
701 2748 740 2756 -
756 2747 795 2756 -
816 2747 855 2756 —

609 2798 725 2862 Datum
763 2817 846 2862 anno
870 2797 989 2863 domini
1017 2800 1295 2883 M⁰CC⁰XCVII⁰,
1320 2803 1450 2867 infesto
1476 2801 1578 2866 sancti
1605 2799 1704 2883 patris
1732 2801 1831 2864 nostri

527 2885 691 2950 Benedicti
711 2885 847 2950 abbatis.

605 3001 661 3070 1⁷92.
679 3000 833 3056 Droooerer
858 3001 954 3058 ortuo.
974 3005 1026 3059 no.
1046 3009 1089 3072 37,
1108 3005 1135 3059 s.
1154 3011 1277 3062 36-38.

1057 3152 1307 3160 -.——--..-...

526 3199 637 3281 1301.
664 3201 693 3283 J
697 3201 763 3282 ull
782 3201 846 3285 25.
1659 3277 1667 3297 ,
1763 3198 1830 3281 39.

626 3333 694 3399 Der
714 3335 817 3400 Rider
836 3335 965 3400 Jolionn
990 3335 1060 3399 und
1088 3335 1144 3397 cler
1167 3333 1306 3414 Knoppc
1327 3331 1468 3397 Districlt
1490 3354 1548 3396 oon
1570 3333 1744 3398 llusserode
1767 3333 1828 3397 Ge-

627 3433 741 3494 intuor
764 3434 893 3496 uelamen
921 3434 980 3495 dos
1007 3431 1133 3495 Klostcr
1159 3431 1417 3512 Himmclpfordcn
1450 3432 1483 3493 in
1510 3431 1600 3493 ilrrcn
1623 3430 1735 3494 Quis
1761 3432 1831 3496 rond

627 3533 792 3592 verdunen
818 3530 986 3594 deniselbcn
1014 3530 1064 3592 die
1089 3529 1167 3609 freis
1186 3528 1338 3609 Nostrunp
1365 3529 1449 3592 ihrer
1474 3528 1687 3609 Woldunpen‚
1718 3527 1831 3591 Felder

627 3627 696 3691 cred
723 3626 859 3691 Weidert.

608 3741 774 3807 Universis
794 3763 925 3825 presens
950 3743 1101 3825 scripturn
1129 3743 1241 3806 visuris
1263 3743 1420 3808 lohannes
1447 3742 1537 3806 miles
1564 3748 1595 3806 et
1615 3743 1830 3808 Theodericus

527 3849 653 3909 servus,
678 3831 776 3896 frater
795 3833 877 3911 eins,
906 3833 985 3898 dicti
1012 3832 1052 3896 de
1073 3832 1279 3914 Hortesrade,
1304 3832 1467 3896 felicitatis
1495 3833 1729 3897 incrementum.
1778 3833 1830 3897 Ad

528 3919 678 3983 noticiam
698 3919 839 3985 fidelium
859 3921 1053 4002 singulorum
1082 3921 1226 4004 cupimus
1253 3922 1434 4005 pervenire,
1463 3941 1520 3986 nos
1546 3921 1587 3986 ob
1614 3921 1829 3986 reverenciam

527 4005 580 4072 dei
602 4027 640 4072 ec
659 4009 770 4072 matris
792 4009 877 4087 eins,
903 4009 1045 4089 Virginis
1065 4008 1215 4091 gloriose,
1242 4010 1400 4093 recepisse
1420 4009 1515 4073 hilari
1536 4010 1697 4074 voluntale
1718 4011 1830 4074 iratres

528 4095 621 4162 Porte
642 4097 710 4162 (leli
732 4097 774 4160 ad
802 4105 941 4163 nostram
966 4097 1220 4177 sollicitudinem,
1248 4099 1335 4183 ipsos
1361 4099 1394 4162 in
1417 4099 1561 4163 omnibns
1587 4099 1700 4181 quibus
1720 4117 1829 4183 possu-

529 4204 598 4249 mus
621 4185 831 4270 protegendo,
860 4186 978 4250 eisdem
1006 4187 1155 4252 fratribus
1183 4187 1392 4252 concedentes
1422 4187 1531 4252 divino
1559 4189 1673 4252 intuitu
1701 4189 1829 4272 plenum

528 4292 618 4338 usum
640 4294 680 4339 ao
700 4275 831 4338 liberum
853 4295 1027 4354 nemorum,
1054 4294 1236 4358 camporum
1260 4296 1298 4340 ac
1326 4295 1513 4358 pascuorum
1531 4295 1568 4340 eo
1590 4278 1681 4343 titulo
1702 4297 1740 4341 ac
1761 4297 1829 4359 usu,

527 4382 590 4444 qno
610 4363 723 4430 fratres
743 4363 919 4447 prenarreti
940 4365 1045 4446 patrui
1066 4363 1164 4428 nostri
1186 4382 1225 4427 ao
1246 4363 1379 4428 aliorum
1401 4369 1634 4429 antecessorum
1655 4371 1829 4430 nostrorum

529 4460 670 4539 tempore
683 4453 859 4520 utebantur.
902 4453 938 4520 In
962 4454 1050 4517 cuius
1062 4452 1249 4517 donacionis
1261 4453 1471 4519 testimonium
1485 4461 1661 4538 presentem
1676 4455 1829 4520 cartulam
