4459 5167
510 300 545 350 28
899 298 1291 352 Deutsrhordens-Gommeude
1309 300 1436 368 Laugeln.

512 446 670 511 homiuum
686 447 793 511 labilis
806 453 853 510 est
867 446 1026 521 memoria,
1041 446 1172 527 expedit
1184 467 1223 510 ea
1233 467 1294 527 que
1305 466 1409 510 eoram
1423 448 1514 512 nobis
1525 454 1670 527 aguntur,
1689 448 1819 531 seriptis

512 536 648 619 eopiosis
659 543 691 600 et
701 536 835 600 testibus
847 535 1034 601 confirmari.
1076 536 1209 601 Noverit
1221 536 1375 618 siquidem
1398 537 1552 620 presentis
1573 538 1723 619 temporis
1746 545 1818 602 etas

511 632 542 688 et
568 626 688 704 futura,
722 644 778 689 nos
813 624 985 689 assedente
1019 644 1171 690 oonseusu
1207 633 1238 690 et
1265 625 1426 689 voluntate
1458 625 1607 690 heredum
1640 631 1817 689 uostromm

454 710 458 720 '
512 714 649 793 olberti,
678 713 837 777 Frederioi
860 714 953 796 pleno
980 713 1063 779 dono
1085 714 1216 778 lieeneie
1237 714 1406 778 indulsisse
1433 715 1583 779 iratribus
1603 713 1714 777 domus
1735 714 1817 777 Lan·

509 802 617 883 gude,
644 808 677 865 ut
704 802 789 866 omni
816 802 883 866 iure
914 804 1068 867 vorstouis
1095 804 1204 885 procul
1231 804 1334 885 posito
1361 803 1393 865 in
1420 810 1524 868 monte
1550 804 1603 885 qui
1627 802 1814 883 Bavenberg

510 888 625 953 dieitur
645 898 786 955 reseeent
807 899 855 956 ter
875 893 1045 973 sexaginta
1063 911 1242 973 sexagenas
1264 892 1423 973 virgarum
1439 890 1481 955 ad
1493 891 1673 956 neeessaria
1688 910 1813 956 suorum

510 978 630 1058 ignium
652 986 684 1041 et
712 979 890 1060 commoda,
917 1000 986 1044 oum
1009 981 1147 1063 ipsorum
1171 979 1356 1062 iudigeuoia
1376 981 1553 1064 postularit.
1596 980 1757 1059 Ceterum,
1785 980 1812 1042 si

511 1067 625 1149 prefati
652 1068 765 1132 tiatres
792 1068 879 1150 liguo
907 1068 1021 1132 montis
1043 1069 1105 1131 iam
1134 1068 1211 1133 dieti
1236 1087 1364 1149 usquam
1387 1068 1469 1133 alias
1489 1069 1566 1132 dare
1587 1068 1656 1133 sive
1676 1068 1813 1132 vendere

510 1156 680 1236 volueriut,
702 1176 795 1237 quam
817 1156 859 1221 ad
880 1158 1008 1241 propria
1032 1157 1197 1222 commoda
1217 1158 1356 1239 iguium,
1382 1163 1458 1221 tuue
1479 1158 1528 1223 ius
1552 1157 1708 1220 rorstouis
1729 1163 1814 1221 tene-

510 1244 624 1308 buntur
643 1244 735 1310 uobis
755 1247 931 1318 exsolvere,
951 1246 1212 1327 quemadmodum
1234 1246 1276 1310 ab
1299 1246 1372 1309 aliis
1393 1245 1461 1309 fieri
1482 1252 1531 1310 est
1542 1252 1734 1310 consuetum.
1775 1245 1811 1308 In

511 1332 599 1397 euius
633 1334 677 1396 rei
709 1333 840 1398 evidens
874 1336 1084 1399 testimonium
1121 1354 1252 1416 presens
1280 1335 1430 1418 seriptum
1465 1335 1574 1399 eonfiei
1609 1335 1757 1398 iussimus
1783 1342 1815 1399 et

511 1420 634 1505 [sigptli
652 1424 748 1487 nostri
770 1424 881 1487 robore
897 1422 1083 1487 confirmari.
1116 1423 1230 1488 Testes
1250 1424 1352 1488 esiam
1376 1423 1467 1487 huius
1482 1424 1558 1488 faeti
1576 1431 1662 1487 suut:
1684 1422 1813 1488 Gherol-

510 1512 570 1575 dus
590 1510 730 1576 decanus
752 1514 853 1577 saneti
866 1512 1010 1577 Silvestri
1031 1512 1061 1575 iu
1075 1513 1327 1594 Werniugeroth‚
1348 1512 1506 1577 Iohannes
1521 1511 1812 1593 deDhingelstede,

511 1600 665 1665 Heurious
686 1601 726 1666 de
748 1600 1043 1683 Markeiviugerode
1063 1602 1190 1680 milites,
1212 1602 1317 1666 etalii
1339 1620 1432 1682 quum
1454 1601 1580 1684 plurimi
1602 1600 1664 1664 fido
1688 1600 1787 1681 digni.

591 1689 707 1753 Datum
717 1690 974 1773 Weruingeroth‚
1003 1712 1086 1755 anno
1107 1691 1227 1755 domiui
1249 1689 1556 1769 M⁰CC⁰LXXXiil⁰,
1578 1689 1658 1753 t'eria
1674 1687 1813 1753 secunda

511 1778 653 1859 proxima
672 1788 746 1843 aute
767 1780 899 1862 palmas.

586 1894 690 1949 Urseirr.
710 1896 744 1949 W
762 1898 811 1949 orit
830 1896 1020 1965 beseitddr'qtem
1038 1896 1130 1965 seper,
1150 1898 1226 1965 uerql.
1248 1897 1306 1963 Tot.
1332 1895 1375 1947 VI
1389 1895 1440 1949 Nr.
1460 1899 1502 1949 45.

512 2096 622 2178 1285.
653 2096 737 2178 Mai
755 2098 812 2179 17.
1746 2095 1810 2177 38.

610 2230 682 2294 Dus
694 2229 1026 2296 Deutsehordeushaus
1045 2254 1086 2297 ru
1097 2232 1218 2297 Hduter
1239 2234 1398 2311 bekurtdet,
1420 2235 1494 2296 dass
1516 2234 1571 2296 der
1581 2232 1684 2295 Riuer
1697 2231 1811 2311 Enped-

609 2328 691 2391 turo
717 2350 774 2393 oou
795 2330 1001 2394 Abbeuiruseu
1027 2331 1095 2393 trud
1121 2332 1205 2393 sedne
1227 2331 1394 2394 Geuoirlirt
1420 2332 1484 2393 ihm
1511 2331 1577 2393 iure
1598 2329 1811 2409 Besitzuupen

612 2427 653 2488 im
674 2426 918 2507 pieidruomipeu
933 2427 1034 2508 Dorfe
1054 2429 1123 2491 used
1142 2428 1204 2491 ulle
1227 2428 1291 2491 ihre
1311 2449 1368 2492 oon
1389 2430 1449 2491 deu
1467 2428 1570 2490 Edeiu
1587 2447 1646 2490 ooo
1660 2428 1812 2508 l’yrurout

610 2524 784 2588 besesseueo
806 2526 997 2607 Lehusptiter
1018 2530 1110 2589 uerter
1134 2525 1294 2590 Verbeiralt
1313 2527 1398 2589 einer
1416 2524 1630 2606 persdulr'eiteu
1651 2524 1812 2588 Leidrente

609 2620 769 2701 peseiteukt
788 2622 896 2703 hubert,
918 2623 1058 2687 tiberdt'es
1078 2622 1161 2685 aucit
1182 2624 1248 2686 ihre
1266 2624 1393 2705 hdriqeo
1404 2624 1502 2687 Leute
1514 2642 1625 2685 ausser
1646 2621 1745 2685 denen
1756 2620 1811 2684 der

621 2717 723 2800 Voptei
747 2718 1004 2785 Treileuirirciteo.

591 2835 656 2899 Nos
670 2835 867 2901 Hermannus
889 2839 1123 2903 commendator
1143 2848 1175 2902 et
1194 2839 1307 2902 fratres
1325 2838 1436 2904 domus
1454 2837 1612 2901 teutouiee
1625 2836 1658 2899 iu
1669 2834 1812 2899 Huxaria

511 2924 666 2988 universis
688 2928 846 3008 presentia
866 2928 980 2992 visuris
1003 2929 1129 3012 publice
1147 2935 1365 3012 protestamur,
1386 2926 1469 3009 qnod
1482 2923 1701 3007 Eugeihardus
1722 2923 1813 2987 miles

510 3013 550 3076 de
571 3013 784 3079 Abbenhusen
813 3023 844 3080 et
870 3035 947 3081 uxor
973 3035 1030 3081 suu
1059 3017 1188 3081 domina
1207 3017 1280 3081 Yda
1306 3018 1413 3082 omnia
1435 3016 1519 3080 bona
1545 3033 1651 3079 eorum
1677 3014 1709 3077 in
1735 3013 1811 3077 vitia

509 3103 723 3168 Abbenhuseu
740 3103 802 3167 sita
822 3110 853 3167 et
876 3123 1058 3186 quecunque
1070 3105 1136 3169 alia
1156 3107 1248 3179 bona,
1270 3126 1332 3187 que
1350 3105 1463 3170 aviris
1484 3103 1643 3168 nobilibus
1653 3101 1694 3166 de
1705 3102 1810 3166 Perre·

511 3198 598 3256 munt
618 3192 649 3256 in
672 3192 764 3257 t'eodo
784 3191 969 3272 habuerunt,
992 3194 1241 3278 taminpasouis
1261 3214 1356 3276 quam
1377 3194 1410 3256 in
1433 3194 1523 3257 sitris
1534 3200 1566 3257 et
1584 3212 1641 3255 usu
1658 3210 1809 3273 aquarum

511 3302 566 3364 pro
591 3282 729 3345 remedio
757 3282 931 3345 animarum
958 3301 1082 3347 suarum
1112 3285 1145 3347 iu
1174 3284 1291 3348 honore
1317 3283 1411 3347 beate
1433 3282 1532 3345 Mario
1557 3281 1692 3362 virginis
1719 3281 1811 3345 nobis

510 3377 543 3434 et
566 3369 672 3433 domui
702 3378 806 3434 nostre
827 3370 1016 3434 Huxarieusi
1043 3372 1095 3455 pio
1123 3373 1229 3436 animo
1259 3371 1456 3436 eoutuierunt
1477 3378 1508 3434 et
1528 3370 1592 3433 iam
1617 3370 1809 3451 possessioni

509 3466 614 3523 nostre
633 3460 755 3541 integre
777 3460 981 3541 reliquerunt,
1012 3460 1161 3526 videlieet
1182 3462 1213 3524 iu
1235 3462 1319 3525 hune
1339 3460 1481 3539 modum,
1507 3458 1590 3541 quod
1611 3478 1668 3521 uos
1688 3478 1810 3524 onmem

510 3555 695 3630 proventum
721 3547 901 3612 huiusmodi
928 3549 1077 3613 bonorum
1105 3552 1255 3632 quamdiu
1277 3550 1416 3614 vixerint
1440 3550 1520 3631 ipsis
1549 3548 1643 3613 anuis
1676 3548 1811 3629 singuiis

510 3636 686 3701 tenebimur
696 3637 882 3701 ministrare.
914 3637 1062 3702 Preterea
1073 3658 1182 3703 omnes
1197 3638 1338 3703 homiues
1349 3637 1396 3703 eis
1409 3638 1603 3722 proprietate
1617 3638 1811 3720 pertinentes

511 3725 687 3807 ubieunque
699 3725 874 3791 residentes
886 3728 1002 3790 fuerint
1014 3735 1119 3812 preter
1135 3727 1216 3809 iilos,
1237 3728 1291 3809 qui
1307 3726 1475 3792 advocatie
1489 3727 1647 3810 pertinent
1660 3726 1809 3809 Treylen-

510 3813 640 3887 kerkeu‚
661 3815 753 3877 nobis
774 3814 930 3880 donarunt
951 3818 1056 3899 quiete
1080 3824 1111 3881 et
1123 3817 1222 3881 libere
1239 3815 1458 3900 possidendos.
1500 3816 1542 3880 Ut
1564 3822 1668 3880 autem
1681 3815 1740 3879 heo
1758 3816 1811 3878 do-

510 3905 597 3967 natio
618 3902 707 3967 firma
728 3912 924 3986 permaneat,
947 3913 1124 3989 presentem
1145 3906 1282 3970 litteram
1304 3905 1409 3987 sigilio
1431 3906 1541 3969 domus
1560 3911 1674 3983 nostre,
1696 3903 1811 3967 nobilis

510 3994 570 4057 viri
593 3992 710 4057 domiui
733 3995 987 4059 eomitisLudoiti
1010 3996 1051 4059 de
1062 3996 1283 4079 Nygermvem,
1304 3994 1481 4058 Bernhardi
1502 3994 1613 4057 militis
1635 3992 1675 4057 de
1689 3992 1810 4071 Braeie‚

510 4084 650 4146 divitatis
671 4082 811 4147 Huxurie
833 4092 864 4147 et
885 4086 995 4168 oppidi
1020 4085 1130 4148 Braeie
1152 4086 1281 4147 sosimus
1301 4083 1493 4149 communiri,

590 4172 705 4235 Datum
742 4193 824 4236 anuo
861 4173 980 4237 domini
1014 4172 1309 4254 M⁰CC⁰LXXXV⁰,
1345 4172 1425 4236 seria
1455 4172 1566 4253 quinta
1599 4182 1669 4254 post
1703 4181 1810 4254 pente-

509 4270 625 4324 costen.

590 4349 693 4413 Etiam
729 4351 866 4432 sigillum
901 4351 1071 4415 Burohmdi
1104 4350 1144 4415 de
1176 4351 1351 4415 usseuorou
1384 4354 1416 4415 in
1449 4352 1660 4415 testimouium
1692 4368 1808 4433 appen-

509 4459 577 4506 sum
598 4448 655 4506 est.
