<?xml version="1.0" encoding="UTF-8"?>
<!DOCTYPE html PUBLIC "-//W3C//DTD XHTML 1.0 Transitional//EN"
    "http://www.w3.org/TR/xhtml1/DTD/xhtml1-transitional.dtd">
<html xmlns="http://www.w3.org/1999/xhtml" xml:lang="en" lang="en">
 <head>
  <title>
</title>
<meta http-equiv="Content-Type" content="text/html;charset=utf-8" />
  <meta name='ocr-system' content='tesseract 3.04.00' />
  <meta name='ocr-capabilities' content='ocr_page ocr_carea ocr_par ocr_line ocrx_word'/>
</head>
<body>
  <div class='ocr_page' id='page_1' title='image "./urkundenbuchder00nunsgoog_0254.png"; bbox 0 0 4459 5167; ppageno 0'>
   <div class='ocr_carea' id='block_1_1' title="bbox 886 349 1679 411">
    <p class='ocr_par' dir='ltr' id='par_1_1' title="bbox 886 349 1679 411">
     <span class='ocr_line' id='line_1_1' title="bbox 886 349 1679 411; baseline 0.006 -5"><span class='ocrx_word' id='word_1_1' title='bbox 886 349 933 406; x_wconf 79' lang='lat' dir='ltr'><strong>ur.</strong></span> <span class='ocrx_word' id='word_1_2' title='bbox 953 350 977 406; x_wconf 74' lang='grc'><strong>2.</strong></span> <span class='ocrx_word' id='word_1_3' title='bbox 998 353 1023 406; x_wconf 81' lang='lat' dir='ltr'><strong>a.</strong></span> <span class='ocrx_word' id='word_1_4' title='bbox 1042 370 1067 408; x_wconf 82' lang='lat' dir='ltr'><strong>a.</strong></span> <span class='ocrx_word' id='word_1_5' title='bbox 1087 353 1163 408; x_wconf 79' lang='lat' dir='ltr'><strong>laos.</strong></span> <span class='ocrx_word' id='word_1_6' title='bbox 1626 355 1679 411; x_wconf 73' lang='lat'><strong>229</strong></span> 
     </span>
    </p>
   </div>
   <div class='ocr_carea' id='block_1_2' title="bbox 362 497 1682 1217">
    <p class='ocr_par' dir='ltr' id='par_1_2' title="bbox 362 497 1682 924">
     <span class='ocr_line' id='line_1_2' title="bbox 364 497 1682 590; baseline 0.008 -27"><span class='ocrx_word' id='word_1_7' title='bbox 364 499 524 582; x_wconf 79' lang='lat' dir='ltr'><strong>magister</strong></span> <span class='ocrx_word' id='word_1_8' title='bbox 541 497 707 565; x_wconf 80' lang='lat' dir='ltr'><strong>Conradns</strong></span> <span class='ocrx_word' id='word_1_9' title='bbox 727 498 768 566; x_wconf 87' lang='lat' dir='ltr'><strong>de</strong></span> <span class='ocrx_word' id='word_1_10' title='bbox 788 499 988 586; x_wconf 84' lang='lat' dir='ltr'><strong>Aldendorp,</strong></span> <span class='ocrx_word' id='word_1_11' title='bbox 1012 503 1185 568; x_wconf 82' lang='lat' dir='ltr'><strong>eanonicus</strong></span> <span class='ocrx_word' id='word_1_12' title='bbox 1205 503 1307 570; x_wconf 87' lang='lat' dir='ltr'><strong>saneti</strong></span> <span class='ocrx_word' id='word_1_13' title='bbox 1329 503 1500 584; x_wconf 79' lang='lat' dir='ltr'><strong>Boniiacii3</strong></span> <span class='ocrx_word' id='word_1_14' title='bbox 1527 506 1682 590; x_wconf 82' lang='lat' dir='ltr'><strong>magister</strong></span> 
     </span>
     <span class='ocr_line' id='line_1_3' title="bbox 365 588 1679 680; baseline 0.006 -26"><span class='ocrx_word' id='word_1_15' title='bbox 365 588 529 654; x_wconf 84' lang='lat' dir='ltr'><strong>Iohannes</strong></span> <span class='ocrx_word' id='word_1_16' title='bbox 565 589 700 672; x_wconf 78' lang='lat' dir='ltr'>scriptor</span> <span class='ocrx_word' id='word_1_17' title='bbox 731 595 853 672; x_wconf 70' lang='lat' dir='ltr'><strong>nosmr,</strong></span> <span class='ocrx_word' id='word_1_18' title='bbox 889 598 922 654; x_wconf 91' lang='lat' dir='ltr'><strong>et</strong></span> <span class='ocrx_word' id='word_1_19' title='bbox 951 591 1108 657; x_wconf 87' lang='lat' dir='ltr'><strong>lohannes</strong></span> <span class='ocrx_word' id='word_1_20' title='bbox 1142 592 1183 658; x_wconf 90' lang='lat' dir='ltr'><strong>dc</strong></span> <span class='ocrx_word' id='word_1_21' title='bbox 1217 593 1455 680; x_wconf 85' lang='lat' dir='ltr'><strong>Helegendorp,</strong></span> <span class='ocrx_word' id='word_1_22' title='bbox 1493 595 1679 679; x_wconf 78' lang='lat' dir='ltr'>capellanus</span> 
     </span>
     <span class='ocr_line' id='line_1_4' title="bbox 364 677 1678 770; baseline 0.008 -28"><span class='ocrx_word' id='word_1_23' title='bbox 364 684 492 759; x_wconf 80' lang='lat' dir='ltr'><strong>noster3</strong></span> <span class='ocrx_word' id='word_1_24' title='bbox 525 677 699 744; x_wconf 84' lang='lat' dir='ltr'><strong>Thedolfus</strong></span> <span class='ocrx_word' id='word_1_25' title='bbox 730 677 771 744; x_wconf 88' lang='lat' dir='ltr'><strong>de</strong></span> <span class='ocrx_word' id='word_1_26' title='bbox 798 679 944 763; x_wconf 84' lang='lat' dir='ltr'><strong>Orsleve,</strong></span> <span class='ocrx_word' id='word_1_27' title='bbox 977 681 1115 747; x_wconf 86' lang='lat' dir='ltr'><strong>Alardus</strong></span> <span class='ocrx_word' id='word_1_28' title='bbox 1144 682 1185 748; x_wconf 92' lang='lat' dir='ltr'><strong>de</strong></span> <span class='ocrx_word' id='word_1_29' title='bbox 1207 683 1446 766; x_wconf 85' lang='lat' dir='ltr'><strong>Wackerslevc,</strong></span> <span class='ocrx_word' id='word_1_30' title='bbox 1480 685 1678 770; x_wconf 87' lang='lat' dir='ltr'><strong>saeerdotes;</strong></span> 
     </span>
     <span class='ocr_line' id='line_1_5' title="bbox 362 767 1679 924; baseline 0.008 -92"><span class='ocrx_word' id='word_1_31' title='bbox 362 768 455 924; x_wconf 73' lang='lat' dir='ltr'><strong>lprior</strong></span> <span class='ocrx_word' id='word_1_32' title='bbox 474 774 508 832; x_wconf 88' lang='lat' dir='ltr'><strong>et</strong></span> <span class='ocrx_word' id='word_1_33' title='bbox 535 767 709 853; x_wconf 87' lang='lat' dir='ltr'><strong>capitulum</strong></span> <span class='ocrx_word' id='word_1_34' title='bbox 726 769 830 834; x_wconf 84' lang='lat' dir='ltr'><strong>sancti</strong></span> <span class='ocrx_word' id='word_1_35' title='bbox 855 769 1020 853; x_wconf 89' lang='lat' dir='ltr'><strong>Iohannis,</strong></span> <span class='ocrx_word' id='word_1_36' title='bbox 1047 778 1080 837; x_wconf 84' lang='lat' dir='ltr'><strong>et</strong></span> <span class='ocrx_word' id='word_1_37' title='bbox 1105 772 1163 837; x_wconf 91' lang='lat' dir='ltr'><strong>alii</strong></span> <span class='ocrx_word' id='word_1_38' title='bbox 1184 773 1388 858; x_wconf 80' lang='lat' dir='ltr'><strong>quamplures</strong></span> <span class='ocrx_word' id='word_1_39' title='bbox 1413 775 1472 840; x_wconf 87' lang='lat' dir='ltr'><strong>viri</strong></span> <span class='ocrx_word' id='word_1_40' title='bbox 1501 776 1627 860; x_wconf 87' lang='lat' dir='ltr'><strong>providi</strong></span> <span class='ocrx_word' id='word_1_41' title='bbox 1647 785 1679 843; x_wconf 89' lang='lat' dir='ltr'><strong>et</strong></span> 
     </span>
     <span class='ocr_line' id='line_1_6' title="bbox 387 857 499 923; baseline 0.009 -1"><span class='ocrx_word' id='word_1_42' title='bbox 387 857 499 923; x_wconf 82' lang='lat' dir='ltr'><strong>ouesti</strong></span> 
     </span>
    </p>

    <p class='ocr_par' dir='ltr' id='par_1_3' title="bbox 363 947 1679 1217">
     <span class='ocr_line' id='line_1_7' title="bbox 449 947 1679 1036; baseline 0.009 -24"><span class='ocrx_word' id='word_1_43' title='bbox 449 947 517 1014; x_wconf 85' lang='lat' dir='ltr'><strong>Nos</strong></span> <span class='ocrx_word' id='word_1_44' title='bbox 549 947 778 1029; x_wconf 82' lang='lat' dir='ltr'><strong>B(nrchurdns)</strong></span> <span class='ocrx_word' id='word_1_45' title='bbox 814 947 1047 1032; x_wconf 80' lang='lat' dir='ltr'><strong>vicedominus,</strong></span> <span class='ocrx_word' id='word_1_46' title='bbox 1086 947 1268 1032; x_wconf 72' lang='lat' dir='ltr'><strong>Rludoll&#39;us)</strong></span> <span class='ocrx_word' id='word_1_47' title='bbox 1309 953 1509 1036; x_wconf 89' lang='lat' dir='ltr'><strong>portenarios</strong></span> <span class='ocrx_word' id='word_1_48' title='bbox 1549 955 1679 1024; x_wconf 87' lang='lat' dir='ltr'><strong>maioris</strong></span> 
     </span>
     <span class='ocr_line' id='line_1_8' title="bbox 363 1037 1679 1132; baseline 0.006 -28"><span class='ocrx_word' id='word_1_49' title='bbox 363 1039 512 1119; x_wconf 76' lang='lat' dir='ltr'><strong>ecclesie,</strong></span> <span class='ocrx_word' id='word_1_50' title='bbox 527 1038 745 1118; x_wconf 74' lang='lat' dir='ltr'><strong>Thliderieus)</strong></span> <span class='ocrx_word' id='word_1_51' title='bbox 766 1037 915 1121; x_wconf 87' lang='lat' dir='ltr'><strong>decanus,</strong></span> <span class='ocrx_word' id='word_1_52' title='bbox 933 1039 1150 1121; x_wconf 75' lang='lat' dir='ltr'><strong>Thliderieus)</strong></span> <span class='ocrx_word' id='word_1_53' title='bbox 1174 1046 1289 1123; x_wconf 86' lang='lat' dir='ltr'><strong>eustos,</strong></span> <span class='ocrx_word' id='word_1_54' title='bbox 1310 1042 1463 1125; x_wconf 82' lang='lat' dir='ltr'><strong>magister</strong></span> <span class='ocrx_word' id='word_1_55' title='bbox 1482 1043 1679 1132; x_wconf 63' lang='lat' dir='ltr'><strong>ildebertus)</strong></span> 
     </span>
     <span class='ocr_line' id='line_1_9' title="bbox 363 1127 1654 1217; baseline 0.005 -24"><span class='ocrx_word' id='word_1_56' title='bbox 363 1136 478 1194; x_wconf 85' lang='lat' dir='ltr'><strong>sancte</strong></span> <span class='ocrx_word' id='word_1_57' title='bbox 494 1127 603 1209; x_wconf 84' lang='lat' dir='ltr'><strong>llario,</strong></span> <span class='ocrx_word' id='word_1_58' title='bbox 624 1127 709 1211; x_wconf 87' lang='lat' dir='ltr'><strong>quod</strong></span> <span class='ocrx_word' id='word_1_59' title='bbox 729 1127 789 1193; x_wconf 86' lang='lat' dir='ltr'><strong>lrec</strong></span> <span class='ocrx_word' id='word_1_60' title='bbox 808 1147 886 1192; x_wconf 88' lang='lat' dir='ltr'><strong>vera</strong></span> <span class='ocrx_word' id='word_1_61' title='bbox 907 1134 990 1210; x_wconf 89' lang='lat' dir='ltr'><strong>sunt,</strong></span> <span class='ocrx_word' id='word_1_62' title='bbox 1010 1128 1127 1211; x_wconf 85' lang='lat' dir='ltr'><strong>sigillis</strong></span> <span class='ocrx_word' id='word_1_63' title='bbox 1150 1129 1266 1196; x_wconf 88' lang='lat' dir='ltr'><strong>nostris</strong></span> <span class='ocrx_word' id='word_1_64' title='bbox 1288 1130 1415 1214; x_wconf 88' lang='lat' dir='ltr'><strong>publice</strong></span> <span class='ocrx_word' id='word_1_65' title='bbox 1436 1139 1654 1217; x_wconf 78' lang='lat' dir='ltr'><strong>protestamur.</strong></span> 
     </span>
    </p>
   </div>
   <div class='ocr_carea' id='block_1_3' title="bbox 438 1281 1601 1352">
    <p class='ocr_par' dir='ltr' id='par_1_4' title="bbox 438 1281 1601 1352">
     <span class='ocr_line' id='line_1_10' title="bbox 438 1281 1601 1352; baseline 0.004 -15"><span class='ocrx_word' id='word_1_66' title='bbox 438 1283 554 1352; x_wconf 71' lang='lat' dir='ltr'><strong>copuu.</strong></span> <span class='ocrx_word' id='word_1_67' title='bbox 572 1281 618 1338; x_wconf 85' lang='lat' dir='ltr'><strong>dea</strong></span> <span class='ocrx_word' id='word_1_68' title='bbox 634 1283 661 1338; x_wconf 82' lang='lat' dir='ltr'><strong>S.</strong></span> <span class='ocrx_word' id='word_1_69' title='bbox 672 1281 880 1350; x_wconf 67' lang='lat' dir='ltr'><strong>ommunicatus</strong></span> <span class='ocrx_word' id='word_1_70' title='bbox 896 1299 932 1336; x_wconf 76' lang='lat' dir='ltr'><strong>su</strong></span> <span class='ocrx_word' id='word_1_71' title='bbox 942 1281 1024 1336; x_wconf 79' lang='lat' dir='ltr'><strong>Helo.</strong></span> <span class='ocrx_word' id='word_1_72' title='bbox 1041 1283 1098 1350; x_wconf 71' lang='lat' dir='ltr'><strong>nus</strong></span> <span class='ocrx_word' id='word_1_73' title='bbox 1110 1281 1158 1338; x_wconf 82' lang='lat' dir='ltr'><strong>der</strong></span> <span class='ocrx_word' id='word_1_74' title='bbox 1181 1283 1461 1340; x_wconf 67' lang='lat' dir='ltr'><strong>unroco-Budaeus</strong></span> <span class='ocrx_word' id='word_1_75' title='bbox 1478 1301 1512 1340; x_wconf 73' lang='lat' dir='ltr'><strong>eu</strong></span> <span class='ocrx_word' id='word_1_76' title='bbox 1523 1285 1601 1342; x_wconf 80' lang='lat' dir='ltr'><strong>Jereo.</strong></span> 
     </span>
    </p>
   </div>
   <div class='ocr_carea' id='block_1_4' title="bbox 893 1471 1144 1481">
    <p class='ocr_par' dir='ltr' id='par_1_5' title="bbox 893 1471 1144 1481">
     <span class='ocr_line' id='line_1_11' title="bbox 893 1471 1144 1481; baseline 0 -1"><span class='ocrx_word' id='word_1_77' title='bbox 893 1471 1144 1481; x_wconf 71' lang='lat'>—...-—.—.-</span> 
     </span>
    </p>
   </div>
   <div class='ocr_carea' id='block_1_5' title="bbox 366 1507 1675 1611">
    <p class='ocr_par' dir='ltr' id='par_1_6' title="bbox 366 1507 1675 1611">
     <span class='ocr_line' id='line_1_12' title="bbox 366 1507 1675 1611; baseline -0.002 -18"><span class='ocrx_word' id='word_1_78' title='bbox 366 1511 424 1611; x_wconf 85' lang='lat'><strong>(0.</strong></span> <span class='ocrx_word' id='word_1_79' title='bbox 450 1510 492 1592; x_wconf 83' lang='lat' dir='ltr'><strong>J.</strong></span> <span class='ocrx_word' id='word_1_80' title='bbox 519 1507 648 1610; x_wconf 78' lang='lat' dir='ltr'><strong>lusu.)</strong></span> <span class='ocrx_word' id='word_1_81' title='bbox 1637 1507 1675 1590; x_wconf 81' lang='lat'><strong>3.</strong></span> 
     </span>
    </p>
   </div>
   <div class='ocr_carea' id='block_1_6' title="bbox 467 1659 1676 2432">
    <p class='ocr_par' dir='ltr' id='par_1_7' title="bbox 467 1659 1676 2432">
     <span class='ocr_line' id='line_1_13' title="bbox 468 1659 1676 1744; baseline 0.001 -20"><span class='ocrx_word' id='word_1_82' title='bbox 468 1661 674 1743; x_wconf 62' lang='lat' dir='ltr'><strong>Hpuouus)</strong></span> <span class='ocrx_word' id='word_1_83' title='bbox 688 1661 758 1725; x_wconf 78' lang='lat' dir='ltr'><strong>und</strong></span> <span class='ocrx_word' id='word_1_84' title='bbox 774 1659 907 1744; x_wconf 66' lang='lat' dir='ltr'><strong>Walter,</strong></span> <span class='ocrx_word' id='word_1_85' title='bbox 929 1659 1133 1741; x_wconf 64' lang='lat' dir='ltr'><strong>Stilichonem</strong></span> <span class='ocrx_word' id='word_1_86' title='bbox 1147 1660 1216 1722; x_wconf 76' lang='lat' dir='ltr'><strong>cloud</strong></span> <span class='ocrx_word' id='word_1_87' title='bbox 1233 1659 1369 1723; x_wconf 65' lang='lat' dir='ltr'><strong>Illaster</strong></span> <span class='ocrx_word' id='word_1_88' title='bbox 1384 1680 1425 1724; x_wconf 74' lang='lat' dir='ltr'><strong>ru</strong></span> <span class='ocrx_word' id='word_1_89' title='bbox 1445 1659 1479 1724; x_wconf 83' lang='lat' dir='ltr'><strong>U.</strong></span> <span class='ocrx_word' id='word_1_90' title='bbox 1496 1661 1530 1724; x_wconf 85' lang='lat' dir='ltr'><strong>L.</strong></span> <span class='ocrx_word' id='word_1_91' title='bbox 1543 1661 1676 1725; x_wconf 82' lang='lat' dir='ltr'><strong>Fruuert</strong></span> 
     </span>
     <span class='ocr_line' id='line_1_14' title="bbox 468 1757 1675 1836; baseline 0.002 -13"><span class='ocrx_word' id='word_1_92' title='bbox 468 1760 538 1824; x_wconf 81' lang='lat' dir='ltr'><strong>und</strong></span> <span class='ocrx_word' id='word_1_93' title='bbox 557 1761 644 1825; x_wconf 66' lang='lat' dir='ltr'><strong>beato.</strong></span> <span class='ocrx_word' id='word_1_94' title='bbox 664 1781 707 1825; x_wconf 80' lang='lat' dir='ltr'><strong>au</strong></span> <span class='ocrx_word' id='word_1_95' title='bbox 728 1759 759 1824; x_wconf 78' lang='lat' dir='ltr'><strong>S.</strong></span> <span class='ocrx_word' id='word_1_96' title='bbox 784 1758 882 1823; x_wconf 82' lang='lat' dir='ltr'><strong>Pauli</strong></span> <span class='ocrx_word' id='word_1_97' title='bbox 903 1760 936 1822; x_wconf 77' lang='lat' dir='ltr'><strong>iu</strong></span> <span class='ocrx_word' id='word_1_98' title='bbox 960 1758 1170 1836; x_wconf 78' lang='lat' dir='ltr'><strong>Hcllrerstcdt,</strong></span> <span class='ocrx_word' id='word_1_99' title='bbox 1193 1757 1336 1822; x_wconf 72' lang='lat' dir='ltr'><strong>erl-laren</strong></span> <span class='ocrx_word' id='word_1_100' title='bbox 1354 1780 1408 1823; x_wconf 87' lang='lat' dir='ltr'><strong>vor</strong></span> <span class='ocrx_word' id='word_1_101' title='bbox 1429 1761 1488 1822; x_wconf 84' lang='lat' dir='ltr'><strong>deu</strong></span> <span class='ocrx_word' id='word_1_102' title='bbox 1509 1779 1576 1823; x_wconf 84' lang='lat' dir='ltr'><strong>nom</strong></span> <span class='ocrx_word' id='word_1_103' title='bbox 1596 1759 1675 1825; x_wconf 72' lang='lat' dir='ltr'><strong>Enu-</strong></span> 
     </span>
     <span class='ocr_line' id='line_1_15' title="bbox 468 1855 1674 1943; baseline -0.002 -20"><span class='ocrx_word' id='word_1_104' title='bbox 468 1859 583 1943; x_wconf 69' lang='lat' dir='ltr'><strong>uiscuop</strong></span> <span class='ocrx_word' id='word_1_105' title='bbox 612 1881 669 1924; x_wconf 76' lang='lat' dir='ltr'><strong>eoru</strong></span> <span class='ocrx_word' id='word_1_106' title='bbox 695 1859 812 1924; x_wconf 72' lang='lat' dir='ltr'><strong>Maius</strong></span> <span class='ocrx_word' id='word_1_107' title='bbox 844 1857 877 1921; x_wconf 78' lang='lat' dir='ltr'><strong>io</strong></span> <span class='ocrx_word' id='word_1_108' title='bbox 904 1858 1005 1921; x_wconf 79' lang='lat' dir='ltr'><strong>dieser</strong></span> <span class='ocrx_word' id='word_1_109' title='bbox 1031 1857 1272 1939; x_wconf 78' lang='lat' dir='ltr'><strong>Anpelepeuloeit</strong></span> <span class='ocrx_word' id='word_1_110' title='bbox 1303 1857 1490 1922; x_wconf 78' lang='lat' dir='ltr'><strong>bestimmten</strong></span> <span class='ocrx_word' id='word_1_111' title='bbox 1516 1855 1674 1935; x_wconf 71' lang='lat' dir='ltr'><strong>lenonem,</strong></span> 
     </span>
     <span class='ocr_line' id='line_1_16' title="bbox 467 1955 1672 2038; baseline -0.001 -17"><span class='ocrx_word' id='word_1_112' title='bbox 467 1959 513 2021; x_wconf 80' lang='lat' dir='ltr'><strong>sie</strong></span> <span class='ocrx_word' id='word_1_113' title='bbox 530 1961 703 2022; x_wconf 71' lang='lat' dir='ltr'><strong>caledones</strong></span> <span class='ocrx_word' id='word_1_114' title='bbox 717 1957 782 2020; x_wconf 77' lang='lat' dir='ltr'><strong>siclt</strong></span> <span class='ocrx_word' id='word_1_115' title='bbox 803 1957 873 2020; x_wconf 74' lang='lat' dir='ltr'><strong>ocul</strong></span> <span class='ocrx_word' id='word_1_116' title='bbox 886 1957 991 2020; x_wconf 77' lang='lat' dir='ltr'><strong>hdtten</strong></span> <span class='ocrx_word' id='word_1_117' title='bbox 1001 1956 1116 2038; x_wconf 66' lang='lat' dir='ltr'><strong>poert,</strong></span> <span class='ocrx_word' id='word_1_118' title='bbox 1137 1957 1212 2019; x_wconf 81' lang='lat' dir='ltr'><strong>dass</strong></span> <span class='ocrx_word' id='word_1_119' title='bbox 1223 1955 1381 2037; x_wconf 73' lang='lat' dir='ltr'><strong>Moptseer</strong></span> <span class='ocrx_word' id='word_1_120' title='bbox 1395 1955 1523 2021; x_wconf 52' lang='lat' dir='ltr'><strong>chlorus</strong></span> <span class='ocrx_word' id='word_1_121' title='bbox 1539 1955 1672 2034; x_wconf 71' lang='lat' dir='ltr'><strong>Zemedte,</strong></span> 
     </span>
     <span class='ocr_line' id='line_1_17' title="bbox 467 2052 1675 2136; baseline -0.003 -16"><span class='ocrx_word' id='word_1_122' title='bbox 467 2055 603 2120; x_wconf 81' lang='lat' dir='ltr'><strong>weiland</strong></span> <span class='ocrx_word' id='word_1_123' title='bbox 622 2053 811 2136; x_wconf 75' lang='lat' dir='ltr'><strong>Dooepropst</strong></span> <span class='ocrx_word' id='word_1_124' title='bbox 829 2075 871 2120; x_wconf 74' lang='lat' dir='ltr'><strong>eu</strong></span> <span class='ocrx_word' id='word_1_125' title='bbox 894 2053 1109 2130; x_wconf 79' lang='lat' dir='ltr'><strong>Haldcrstodt,</strong></span> <span class='ocrx_word' id='word_1_126' title='bbox 1140 2055 1206 2136; x_wconf 81' lang='lat' dir='ltr'><strong>cus</strong></span> <span class='ocrx_word' id='word_1_127' title='bbox 1220 2053 1338 2118; x_wconf 63' lang='lat' dir='ltr'><strong>&amp;uelud</strong></span> <span class='ocrx_word' id='word_1_128' title='bbox 1364 2053 1447 2118; x_wconf 70' lang='grc' dir='ltr'><em>θὺιεε</em></span> <span class='ocrx_word' id='word_1_129' title='bbox 1467 2052 1675 2118; x_wconf 81' lang='lat' dir='ltr'><strong>ordeutlieloeu</strong></span> 
     </span>
     <span class='ocr_line' id='line_1_18' title="bbox 467 2149 1674 2232; baseline -0.002 -14"><span class='ocrx_word' id='word_1_130' title='bbox 467 2153 748 2218; x_wconf 70' lang='lat' dir='ltr'><strong>Roeldsbeseluer‘des</strong></span> <span class='ocrx_word' id='word_1_131' title='bbox 769 2153 829 2217; x_wconf 81' lang='lat' dir='ltr'><strong>deu</strong></span> <span class='ocrx_word' id='word_1_132' title='bbox 850 2151 1004 2216; x_wconf 80' lang='lat' dir='ltr'><strong>Potrouot</strong></span> <span class='ocrx_word' id='word_1_133' title='bbox 1022 2153 1078 2216; x_wconf 84' lang='lat' dir='ltr'><strong>der</strong></span> <span class='ocrx_word' id='word_1_134' title='bbox 1098 2151 1218 2216; x_wconf 80' lang='lat' dir='ltr'><strong>Kirelre</strong></span> <span class='ocrx_word' id='word_1_135' title='bbox 1236 2173 1279 2218; x_wconf 73' lang='lat' dir='ltr'><strong>uu</strong></span> <span class='ocrx_word' id='word_1_136' title='bbox 1298 2152 1362 2217; x_wconf 80' lang='lat' dir='ltr'><strong>Lar</strong></span> <span class='ocrx_word' id='word_1_137' title='bbox 1384 2152 1453 2216; x_wconf 77' lang='lat' dir='ltr'><strong>deon</strong></span> <span class='ocrx_word' id='word_1_138' title='bbox 1473 2149 1550 2232; x_wconf 77' lang='lat' dir='ltr'><strong>scip</strong></span> <span class='ocrx_word' id='word_1_139' title='bbox 1570 2149 1601 2216; x_wconf 80' lang='lat' dir='ltr'><strong>S.</strong></span> <span class='ocrx_word' id='word_1_140' title='bbox 1619 2150 1674 2216; x_wconf 85' lang='lat' dir='ltr'><strong>Jo-</strong></span> 
     </span>
     <span class='ocr_line' id='line_1_19' title="bbox 467 2247 1672 2337; baseline -0.002 -21"><span class='ocrx_word' id='word_1_141' title='bbox 467 2253 584 2316; x_wconf 79' lang='lat' dir='ltr'><strong>hcmu&#39;e</strong></span> <span class='ocrx_word' id='word_1_142' title='bbox 600 2253 637 2315; x_wconf 82' lang='lat' dir='ltr'><strong>iu</strong></span> <span class='ocrx_word' id='word_1_143' title='bbox 651 2250 855 2316; x_wconf 74' lang='lat' dir='ltr'><strong>Hauersnue</strong></span> <span class='ocrx_word' id='word_1_144' title='bbox 869 2251 1098 2337; x_wconf 34' lang='lat' dir='ltr'><strong>,rupmproelueu</strong></span> <span class='ocrx_word' id='word_1_145' title='bbox 1116 2250 1195 2314; x_wconf 76' lang='lat' dir='ltr'><strong>hale</strong></span> <span class='ocrx_word' id='word_1_146' title='bbox 1210 2251 1279 2314; x_wconf 76' lang='lat' dir='ltr'><strong>erud</strong></span> <span class='ocrx_word' id='word_1_147' title='bbox 1294 2250 1461 2315; x_wconf 63' lang='lat' dir='ltr'><strong>meroem</strong></span> <span class='ocrx_word' id='word_1_148' title='bbox 1476 2249 1527 2314; x_wconf 82' lang='lat' dir='ltr'><strong>die</strong></span> <span class='ocrx_word' id='word_1_149' title='bbox 1537 2247 1672 2328; x_wconf 78' lang='lat' dir='ltr'><strong>Ridoler,</strong></span> 
     </span>
     <span class='ocr_line' id='line_1_20' title="bbox 468 2349 1080 2432; baseline -0.007 -16"><span class='ocrx_word' id='word_1_150' title='bbox 468 2351 566 2416; x_wconf 78' lang='lat' dir='ltr'><strong>dieses</strong></span> <span class='ocrx_word' id='word_1_151' title='bbox 583 2349 681 2414; x_wconf 76' lang='lat' dir='ltr'><strong>Reelst</strong></span> <span class='ocrx_word' id='word_1_152' title='bbox 699 2349 753 2416; x_wconf 86' lang='lat' dir='ltr'><strong>des</strong></span> <span class='ocrx_word' id='word_1_153' title='bbox 773 2349 865 2432; x_wconf 70' lang='lat' dir='ltr'><strong>Slitts</strong></span> <span class='ocrx_word' id='word_1_154' title='bbox 883 2369 926 2413; x_wconf 75' lang='lat' dir='ltr'><strong>eu</strong></span> <span class='ocrx_word' id='word_1_155' title='bbox 943 2349 1080 2413; x_wconf 70' lang='lat' dir='ltr'><strong>wutron.</strong></span> 
     </span>
    </p>
   </div>
   <div class='ocr_carea' id='block_1_7' title="bbox 363 2491 1674 4013">
    <p class='ocr_par' dir='ltr' id='par_1_8' title="bbox 363 2491 1674 4013">
     <span class='ocr_line' id='line_1_21' title="bbox 447 2491 1673 2586; baseline 0 -29"><span class='ocrx_word' id='word_1_156' title='bbox 447 2493 691 2560; x_wconf 83' lang='lat' dir='ltr'><strong>Venerabilibns</strong></span> <span class='ocrx_word' id='word_1_157' title='bbox 710 2500 743 2558; x_wconf 88' lang='lat' dir='ltr'><strong>et</strong></span> <span class='ocrx_word' id='word_1_158' title='bbox 763 2492 912 2586; x_wconf 72' lang='lat' dir='ltr'><strong>diseretis</strong></span> <span class='ocrx_word' id='word_1_159' title='bbox 925 2491 1062 2558; x_wconf 90' lang='lat' dir='ltr'><strong>dominis</strong></span> <span class='ocrx_word' id='word_1_160' title='bbox 1075 2492 1196 2557; x_wconf 84' lang='lat' dir='ltr'><strong>decano</strong></span> <span class='ocrx_word' id='word_1_161' title='bbox 1209 2497 1240 2556; x_wconf 86' lang='lat' dir='ltr'><strong>et</strong></span> <span class='ocrx_word' id='word_1_162' title='bbox 1258 2493 1425 2558; x_wconf 85' lang='lat' dir='ltr'><strong>scolastico</strong></span> <span class='ocrx_word' id='word_1_163' title='bbox 1443 2497 1552 2558; x_wconf 85' lang='lat' dir='ltr'><strong>saneto</strong></span> <span class='ocrx_word' id='word_1_164' title='bbox 1564 2491 1673 2557; x_wconf 78' lang='lat' dir='ltr'><strong>Crucis</strong></span> 
     </span>
     <span class='ocr_line' id='line_1_22' title="bbox 366 2581 1674 2667; baseline -0.003 -17"><span class='ocrx_word' id='word_1_165' title='bbox 366 2584 647 2662; x_wconf 88' lang='lat' dir='ltr'><strong>Hildeuscmeusis‚</strong></span> <span class='ocrx_word' id='word_1_166' title='bbox 668 2604 687 2647; x_wconf 87' lang='lat' dir='ltr'><strong>a</strong></span> <span class='ocrx_word' id='word_1_167' title='bbox 706 2583 834 2648; x_wconf 93' lang='lat' dir='ltr'><strong>domino</strong></span> <span class='ocrx_word' id='word_1_168' title='bbox 855 2582 1041 2665; x_wconf 84' lang='lat' dir='ltr'><strong>Magantino</strong></span> <span class='ocrx_word' id='word_1_169' title='bbox 1062 2581 1303 2667; x_wconf 83' lang='lat' dir='ltr'><strong>archiepiscopo</strong></span> <span class='ocrx_word' id='word_1_170' title='bbox 1325 2582 1484 2648; x_wconf 89' lang='lat' dir='ltr'><strong>iudicibus</strong></span> <span class='ocrx_word' id='word_1_171' title='bbox 1506 2581 1674 2664; x_wconf 82' lang='lat' dir='ltr'><strong>delegatis,</strong></span> 
     </span>
     <span class='ocr_line' id='line_1_23' title="bbox 365 2670 1673 2755; baseline -0.004 -14"><span class='ocrx_word' id='word_1_172' title='bbox 365 2675 404 2740; x_wconf 87' lang='lat' dir='ltr'><strong>ll.</strong></span> <span class='ocrx_word' id='word_1_173' title='bbox 425 2675 648 2741; x_wconf 88' lang='lat' dir='ltr'><strong>sanctellarie</strong></span> <span class='ocrx_word' id='word_1_174' title='bbox 669 2672 896 2755; x_wconf 82' lang='lat' dir='ltr'><strong>etW(nlferns)</strong></span> <span class='ocrx_word' id='word_1_175' title='bbox 915 2672 1119 2737; x_wconf 85' lang='lat' dir='ltr'><strong>sanetil‘anli</strong></span> <span class='ocrx_word' id='word_1_176' title='bbox 1140 2673 1343 2739; x_wconf 89' lang='lat' dir='ltr'><strong>eeclesiarum</strong></span> <span class='ocrx_word' id='word_1_177' title='bbox 1357 2670 1673 2738; x_wconf 85' lang='lat' dir='ltr'><strong>Halberstadensium</strong></span> 
     </span>
     <span class='ocr_line' id='line_1_24' title="bbox 365 2761 1671 2848; baseline -0.005 -18"><span class='ocrx_word' id='word_1_178' title='bbox 365 2764 511 2830; x_wconf 89' lang='lat' dir='ltr'><strong>canonici</strong></span> <span class='ocrx_word' id='word_1_179' title='bbox 539 2771 571 2828; x_wconf 88' lang='lat' dir='ltr'><strong>et</strong></span> <span class='ocrx_word' id='word_1_180' title='bbox 597 2762 779 2828; x_wconf 82' lang='lat' dir='ltr'><strong>sacerdotes</strong></span> <span class='ocrx_word' id='word_1_181' title='bbox 805 2781 876 2828; x_wconf 86' lang='lat' dir='ltr'><strong>cnm</strong></span> <span class='ocrx_word' id='word_1_182' title='bbox 903 2763 1028 2828; x_wconf 88' lang='lat' dir='ltr'><strong>devotis</strong></span> <span class='ocrx_word' id='word_1_183' title='bbox 1054 2763 1250 2828; x_wconf 87' lang='lat' dir='ltr'><strong>orationibus</strong></span> <span class='ocrx_word' id='word_1_184' title='bbox 1284 2769 1429 2848; x_wconf 85' lang='lat' dir='ltr'><strong>paratam</strong></span> <span class='ocrx_word' id='word_1_185' title='bbox 1463 2761 1505 2827; x_wconf 84' lang='lat' dir='ltr'><strong>ad</strong></span> <span class='ocrx_word' id='word_1_186' title='bbox 1533 2762 1671 2846; x_wconf 90' lang='lat' dir='ltr'><strong>ipsorum</strong></span> 
     </span>
     <span class='ocr_line' id='line_1_25' title="bbox 366 2850 1673 2937; baseline -0.003 -18"><span class='ocrx_word' id='word_1_187' title='bbox 366 2852 568 2937; x_wconf 83' lang='lat' dir='ltr'><strong>beneplacita</strong></span> <span class='ocrx_word' id='word_1_188' title='bbox 595 2853 798 2918; x_wconf 83' lang='lat' dir='ltr'><strong>voluntatem.</strong></span> <span class='ocrx_word' id='word_1_189' title='bbox 846 2851 1038 2919; x_wconf 80' lang='lat' dir='ltr'><strong>Honorando</strong></span> <span class='ocrx_word' id='word_1_190' title='bbox 1064 2851 1248 2919; x_wconf 90' lang='lat' dir='ltr'><strong>discretioni</strong></span> <span class='ocrx_word' id='word_1_191' title='bbox 1274 2859 1378 2918; x_wconf 86' lang='lat' dir='ltr'><strong>vestre</strong></span> <span class='ocrx_word' id='word_1_192' title='bbox 1406 2859 1514 2916; x_wconf 89' lang='lat' dir='ltr'><strong>notum</strong></span> <span class='ocrx_word' id='word_1_193' title='bbox 1538 2850 1673 2916; x_wconf 84' lang='lat' dir='ltr'><strong>iacimus</strong></span> 
     </span>
     <span class='ocr_line' id='line_1_26' title="bbox 365 2939 1672 3027; baseline -0.003 -19"><span class='ocrx_word' id='word_1_194' title='bbox 365 2963 422 3027; x_wconf 90' lang='lat' dir='ltr'><strong>per</strong></span> <span class='ocrx_word' id='word_1_195' title='bbox 447 2941 508 3008; x_wconf 90' lang='lat' dir='ltr'><strong>hee</strong></span> <span class='ocrx_word' id='word_1_196' title='bbox 533 2942 668 3026; x_wconf 87' lang='lat' dir='ltr'><strong>scripta,</strong></span> <span class='ocrx_word' id='word_1_197' title='bbox 695 2941 781 3025; x_wconf 89' lang='lat' dir='ltr'><strong>qnod</strong></span> <span class='ocrx_word' id='word_1_198' title='bbox 807 2962 865 3006; x_wconf 90' lang='lat' dir='ltr'><strong>nos</strong></span> <span class='ocrx_word' id='word_1_199' title='bbox 890 2943 1091 3007; x_wconf 89' lang='lat' dir='ltr'><strong>meminimus</strong></span> <span class='ocrx_word' id='word_1_200' title='bbox 1116 2941 1295 3008; x_wconf 65' lang='lat' dir='ltr'><strong>interfuisse</strong></span> <span class='ocrx_word' id='word_1_201' title='bbox 1321 2962 1360 3008; x_wconf 86' lang='lat' dir='ltr'><strong>ac</strong></span> <span class='ocrx_word' id='word_1_202' title='bbox 1381 2943 1478 3006; x_wconf 88' lang='lat' dir='ltr'><strong>etiam</strong></span> <span class='ocrx_word' id='word_1_203' title='bbox 1500 2939 1672 3017; x_wconf 85' lang='lat' dir='ltr'><strong>audivisse,</strong></span> 
     </span>
     <span class='ocr_line' id='line_1_27' title="bbox 365 3029 1671 3116; baseline -0.002 -19"><span class='ocrx_word' id='word_1_204' title='bbox 365 3033 449 3116; x_wconf 87' lang='lat' dir='ltr'><strong>qnod</strong></span> <span class='ocrx_word' id='word_1_205' title='bbox 475 3031 630 3115; x_wconf 82' lang='lat' dir='ltr'><strong>magister</strong></span> <span class='ocrx_word' id='word_1_206' title='bbox 656 3030 814 3099; x_wconf 87' lang='lat' dir='ltr'><strong>lohannes</strong></span> <span class='ocrx_word' id='word_1_207' title='bbox 841 3032 944 3097; x_wconf 81' lang='lat' dir='ltr'><strong>dictus</strong></span> <span class='ocrx_word' id='word_1_208' title='bbox 964 3031 1119 3113; x_wconf 76' lang='lat' dir='ltr'><strong>Zemelne,</strong></span> <span class='ocrx_word' id='word_1_209' title='bbox 1146 3031 1306 3114; x_wconf 87' lang='lat' dir='ltr'><strong>quondam</strong></span> <span class='ocrx_word' id='word_1_210' title='bbox 1332 3031 1511 3116; x_wconf 87' lang='lat' dir='ltr'><strong>prepositus</strong></span> <span class='ocrx_word' id='word_1_211' title='bbox 1538 3029 1671 3094; x_wconf 87' lang='lat' dir='ltr'><strong>ecclesie</strong></span> 
     </span>
     <span class='ocr_line' id='line_1_28' title="bbox 366 3116 1670 3204; baseline -0.002 -18"><span class='ocrx_word' id='word_1_212' title='bbox 366 3121 659 3202; x_wconf 88' lang='lat' dir='ltr'><strong>llalberstadensis,</strong></span> <span class='ocrx_word' id='word_1_213' title='bbox 687 3121 729 3186; x_wconf 92' lang='lat' dir='ltr'><strong>de</strong></span> <span class='ocrx_word' id='word_1_214' title='bbox 754 3121 887 3187; x_wconf 91' lang='lat' dir='ltr'><strong>consilio</strong></span> <span class='ocrx_word' id='word_1_215' title='bbox 906 3121 1077 3204; x_wconf 89' lang='lat' dir='ltr'><strong>peritorum</strong></span> <span class='ocrx_word' id='word_1_216' title='bbox 1098 3140 1137 3186; x_wconf 90' lang='lat' dir='ltr'><strong>ao</strong></span> <span class='ocrx_word' id='word_1_217' title='bbox 1160 3121 1238 3186; x_wconf 88' lang='lat' dir='ltr'><strong>iuris</strong></span> <span class='ocrx_word' id='word_1_218' title='bbox 1263 3119 1374 3185; x_wconf 90' lang='lat' dir='ltr'><strong>ordine</strong></span> <span class='ocrx_word' id='word_1_219' title='bbox 1401 3119 1569 3184; x_wconf 85' lang='lat' dir='ltr'><strong>observato</strong></span> <span class='ocrx_word' id='word_1_220' title='bbox 1590 3116 1670 3183; x_wconf 88' lang='lat' dir='ltr'><strong>diffi-</strong></span> 
     </span>
     <span class='ocr_line' id='line_1_29' title="bbox 364 3207 1669 3297; baseline -0.002 -21"><span class='ocrx_word' id='word_1_221' title='bbox 364 3213 446 3276; x_wconf 88' lang='lat' dir='ltr'><strong>nivit</strong></span> <span class='ocrx_word' id='word_1_222' title='bbox 472 3217 673 3297; x_wconf 86' lang='lat' dir='ltr'><strong>patronatum</strong></span> <span class='ocrx_word' id='word_1_223' title='bbox 700 3211 834 3276; x_wconf 89' lang='lat' dir='ltr'><strong>ecclesie</strong></span> <span class='ocrx_word' id='word_1_224' title='bbox 861 3211 895 3274; x_wconf 89' lang='lat' dir='ltr'><strong>iu</strong></span> <span class='ocrx_word' id='word_1_225' title='bbox 925 3210 1004 3275; x_wconf 76' lang='lat' dir='ltr'><strong>lere</strong></span> <span class='ocrx_word' id='word_1_226' title='bbox 1031 3209 1073 3275; x_wconf 89' lang='lat' dir='ltr'><strong>ad</strong></span> <span class='ocrx_word' id='word_1_227' title='bbox 1102 3210 1270 3276; x_wconf 81' lang='lat' dir='ltr'><strong>eeclesiam</strong></span> <span class='ocrx_word' id='word_1_228' title='bbox 1298 3210 1384 3274; x_wconf 89' lang='lat' dir='ltr'><strong>beati</strong></span> <span class='ocrx_word' id='word_1_229' title='bbox 1405 3207 1556 3275; x_wconf 87' lang='lat' dir='ltr'><strong>iohannis</strong></span> <span class='ocrx_word' id='word_1_230' title='bbox 1583 3207 1669 3288; x_wconf 92' lang='lat' dir='ltr'><strong>apud</strong></span> 
     </span>
     <span class='ocr_line' id='line_1_30' title="bbox 364 3297 1671 3385; baseline -0.003 -19"><span class='ocrx_word' id='word_1_231' title='bbox 364 3301 571 3384; x_wconf 73' lang='lat' dir='ltr'><strong>Halblerstat)</strong></span> <span class='ocrx_word' id='word_1_232' title='bbox 591 3301 763 3385; x_wconf 90' lang='lat' dir='ltr'><strong>pertinere,</strong></span> <span class='ocrx_word' id='word_1_233' title='bbox 789 3299 876 3365; x_wconf 90' lang='lat' dir='ltr'><strong>illius</strong></span> <span class='ocrx_word' id='word_1_234' title='bbox 894 3318 1062 3380; x_wconf 88' lang='lat' dir='ltr'><strong>consensu,</strong></span> <span class='ocrx_word' id='word_1_235' title='bbox 1087 3300 1142 3382; x_wconf 89' lang='lat' dir='ltr'><strong>qni</strong></span> <span class='ocrx_word' id='word_1_236' title='bbox 1163 3308 1237 3364; x_wconf 87' lang='lat' dir='ltr'><strong>tune</strong></span> <span class='ocrx_word' id='word_1_237' title='bbox 1257 3299 1409 3382; x_wconf 89' lang='lat' dir='ltr'><strong>temporis</strong></span> <span class='ocrx_word' id='word_1_238' title='bbox 1429 3297 1671 3364; x_wconf 84' lang='lat' dir='ltr'><strong>archidiaconus</strong></span> 
     </span>
     <span class='ocr_line' id='line_1_31' title="bbox 364 3386 1671 3474; baseline -0.005 -17"><span class='ocrx_word' id='word_1_239' title='bbox 364 3393 425 3457; x_wconf 92' lang='lat' dir='ltr'><strong>loci</strong></span> <span class='ocrx_word' id='word_1_240' title='bbox 452 3391 590 3472; x_wconf 82' lang='lat' dir='ltr'><strong>exstitit,</strong></span> <span class='ocrx_word' id='word_1_241' title='bbox 623 3392 811 3470; x_wconf 88' lang='lat' dir='ltr'><strong>accedente,</strong></span> <span class='ocrx_word' id='word_1_242' title='bbox 842 3389 924 3455; x_wconf 92' lang='lat' dir='ltr'><strong>sicut</strong></span> <span class='ocrx_word' id='word_1_243' title='bbox 952 3409 1010 3472; x_wconf 91' lang='lat' dir='ltr'><strong>per</strong></span> <span class='ocrx_word' id='word_1_244' title='bbox 1038 3388 1210 3474; x_wconf 84' lang='lat' dir='ltr'><strong>privilegia</strong></span> <span class='ocrx_word' id='word_1_245' title='bbox 1244 3388 1319 3453; x_wconf 92' lang='lat' dir='ltr'><strong>iude</strong></span> <span class='ocrx_word' id='word_1_246' title='bbox 1346 3390 1489 3453; x_wconf 85' lang='lat' dir='ltr'><strong>coniecta</strong></span> <span class='ocrx_word' id='word_1_247' title='bbox 1522 3386 1671 3469; x_wconf 86' lang='lat' dir='ltr'><strong>cognosci</strong></span> 
     </span>
     <span class='ocr_line' id='line_1_32' title="bbox 364 3475 1670 3564; baseline -0.005 -18"><span class='ocrx_word' id='word_1_248' title='bbox 364 3482 481 3564; x_wconf 88' lang='lat' dir='ltr'><strong>poterit</strong></span> <span class='ocrx_word' id='word_1_249' title='bbox 501 3478 674 3545; x_wconf 82' lang='lat' dir='ltr'><strong>evidenter.</strong></span> <span class='ocrx_word' id='word_1_250' title='bbox 722 3478 799 3544; x_wconf 81' lang='lat' dir='ltr'><strong>Cum</strong></span> <span class='ocrx_word' id='word_1_251' title='bbox 828 3497 904 3560; x_wconf 84' lang='lat' dir='ltr'><strong>ergo</strong></span> <span class='ocrx_word' id='word_1_252' title='bbox 930 3480 1001 3542; x_wconf 90' lang='lat' dir='ltr'><strong>sitis</strong></span> <span class='ocrx_word' id='word_1_253' title='bbox 1026 3477 1147 3542; x_wconf 91' lang='lat' dir='ltr'><strong>iustitie</strong></span> <span class='ocrx_word' id='word_1_254' title='bbox 1174 3485 1346 3558; x_wconf 84' lang='lat' dir='ltr'><strong>amatores,</strong></span> <span class='ocrx_word' id='word_1_255' title='bbox 1372 3496 1521 3560; x_wconf 86' lang='lat' dir='ltr'><strong>rogamus</strong></span> <span class='ocrx_word' id='word_1_256' title='bbox 1549 3483 1581 3542; x_wconf 90' lang='lat' dir='ltr'><strong>et</strong></span> <span class='ocrx_word' id='word_1_257' title='bbox 1601 3475 1670 3541; x_wconf 90' lang='lat' dir='ltr'><strong>hor·</strong></span> 
     </span>
     <span class='ocr_line' id='line_1_33' title="bbox 364 3566 1670 3650; baseline -0.002 -16"><span class='ocrx_word' id='word_1_258' title='bbox 364 3579 466 3637; x_wconf 80' lang='lat' dir='ltr'><strong>tanum</strong></span> <span class='ocrx_word' id='word_1_259' title='bbox 486 3577 625 3635; x_wconf 87' lang='lat' dir='ltr'><strong>vestram</strong></span> <span class='ocrx_word' id='word_1_260' title='bbox 647 3570 679 3633; x_wconf 92' lang='lat' dir='ltr'><strong>in</strong></span> <span class='ocrx_word' id='word_1_261' title='bbox 701 3568 828 3633; x_wconf 91' lang='lat' dir='ltr'><strong>domino</strong></span> <span class='ocrx_word' id='word_1_262' title='bbox 849 3567 1033 3633; x_wconf 84' lang='lat' dir='ltr'><strong>attentionis</strong></span> <span class='ocrx_word' id='word_1_263' title='bbox 1057 3567 1267 3647; x_wconf 87' lang='lat' dir='ltr'><strong>honestatem,</strong></span> <span class='ocrx_word' id='word_1_264' title='bbox 1296 3573 1452 3650; x_wconf 89' lang='lat' dir='ltr'><strong>qnatenus</strong></span> <span class='ocrx_word' id='word_1_265' title='bbox 1472 3567 1505 3631; x_wconf 93' lang='lat' dir='ltr'><strong>in</strong></span> <span class='ocrx_word' id='word_1_266' title='bbox 1527 3566 1670 3650; x_wconf 90' lang='lat' dir='ltr'><strong>predicto</strong></span> 
     </span>
     <span class='ocr_line' id='line_1_34' title="bbox 364 3655 1670 3744; baseline -0.005 -20"><span class='ocrx_word' id='word_1_267' title='bbox 364 3661 492 3744; x_wconf 80' lang='lat' dir='ltr'><strong>negotio</strong></span> <span class='ocrx_word' id='word_1_268' title='bbox 513 3677 570 3725; x_wconf 87' lang='lat' dir='ltr'><strong>vos</strong></span> <span class='ocrx_word' id='word_1_269' title='bbox 590 3658 709 3742; x_wconf 82' lang='lat' dir='ltr'><strong>geratis</strong></span> <span class='ocrx_word' id='word_1_270' title='bbox 728 3658 836 3723; x_wconf 87' lang='lat' dir='ltr'><strong>taliter</strong></span> <span class='ocrx_word' id='word_1_271' title='bbox 857 3663 985 3743; x_wconf 88' lang='lat' dir='ltr'><strong>propter</strong></span> <span class='ocrx_word' id='word_1_272' title='bbox 1006 3657 1109 3738; x_wconf 90' lang='lat' dir='ltr'><strong>deum,</strong></span> <span class='ocrx_word' id='word_1_273' title='bbox 1134 3676 1173 3722; x_wconf 91' lang='lat' dir='ltr'><strong>ne</strong></span> <span class='ocrx_word' id='word_1_274' title='bbox 1194 3657 1244 3721; x_wconf 91' lang='lat' dir='ltr'><strong>ius</strong></span> <span class='ocrx_word' id='word_1_275' title='bbox 1258 3657 1400 3740; x_wconf 89' lang='lat' dir='ltr'><strong>predicte</strong></span> <span class='ocrx_word' id='word_1_276' title='bbox 1418 3655 1551 3722; x_wconf 89' lang='lat' dir='ltr'><strong>ecclesie</strong></span> <span class='ocrx_word' id='word_1_277' title='bbox 1568 3655 1670 3720; x_wconf 89' lang='lat' dir='ltr'><strong>sancti</strong></span> 
     </span>
     <span class='ocr_line' id='line_1_35' title="bbox 363 3744 1670 3833; baseline -0.004 -18"><span class='ocrx_word' id='word_1_278' title='bbox 363 3749 515 3815; x_wconf 84' lang='lat' dir='ltr'><strong>Iolranuis</strong></span> <span class='ocrx_word' id='word_1_279' title='bbox 541 3768 598 3833; x_wconf 88' lang='lat' dir='ltr'><strong>per</strong></span> <span class='ocrx_word' id='word_1_280' title='bbox 623 3749 807 3829; x_wconf 86' lang='lat' dir='ltr'><strong>cuiusquam</strong></span> <span class='ocrx_word' id='word_1_281' title='bbox 835 3746 1042 3812; x_wconf 74' lang='lat' dir='ltr'><strong>subtilitatem</strong></span> <span class='ocrx_word' id='word_1_282' title='bbox 1071 3753 1126 3810; x_wconf 90' lang='lat' dir='ltr'><strong>aut</strong></span> <span class='ocrx_word' id='word_1_283' title='bbox 1157 3752 1346 3830; x_wconf 85' lang='lat' dir='ltr'><strong>potestatem</strong></span> <span class='ocrx_word' id='word_1_284' title='bbox 1372 3746 1585 3830; x_wconf 88' lang='lat' dir='ltr'><strong>perturbetur,</strong></span> <span class='ocrx_word' id='word_1_285' title='bbox 1612 3744 1670 3811; x_wconf 91' lang='lat' dir='ltr'><strong>sed</strong></span> 
     </span>
     <span class='ocr_line' id='line_1_36' title="bbox 364 3835 1669 3921; baseline -0.006 -16"><span class='ocrx_word' id='word_1_286' title='bbox 364 3841 395 3905; x_wconf 93' lang='lat' dir='ltr'><strong>in</strong></span> <span class='ocrx_word' id='word_1_287' title='bbox 417 3840 480 3905; x_wconf 89' lang='lat' dir='ltr'><strong>hiis</strong></span> <span class='ocrx_word' id='word_1_288' title='bbox 501 3839 542 3903; x_wconf 89' lang='lat' dir='ltr'><strong>de</strong></span> <span class='ocrx_word' id='word_1_289' title='bbox 563 3843 668 3905; x_wconf 86' lang='lat' dir='ltr'><strong>vestro</strong></span> <span class='ocrx_word' id='word_1_290' title='bbox 688 3839 775 3902; x_wconf 88' lang='lat' dir='ltr'><strong>vultu</strong></span> <span class='ocrx_word' id='word_1_291' title='bbox 797 3836 948 3902; x_wconf 89' lang='lat' dir='ltr'><strong>iudicium</strong></span> <span class='ocrx_word' id='word_1_292' title='bbox 971 3835 1104 3921; x_wconf 89' lang='lat' dir='ltr'><strong>prodeat</strong></span> <span class='ocrx_word' id='word_1_293' title='bbox 1124 3835 1285 3919; x_wconf 85' lang='lat' dir='ltr'><strong>equitatis,</strong></span> <span class='ocrx_word' id='word_1_294' title='bbox 1306 3835 1669 3918; x_wconf 85' lang='lat' dir='ltr'><strong>quodutiquemagnnm</strong></span> 
     </span>
     <span class='ocr_line' id='line_1_37' title="bbox 363 3926 933 4013; baseline -0.011 -18"><span class='ocrx_word' id='word_1_295' title='bbox 363 3930 454 3996; x_wconf 77' lang='lat' dir='ltr'><strong>vonis</strong></span> <span class='ocrx_word' id='word_1_296' title='bbox 473 3930 535 3994; x_wconf 90' lang='lat' dir='ltr'><strong>erit</strong></span> <span class='ocrx_word' id='word_1_297' title='bbox 555 3927 699 3994; x_wconf 91' lang='lat' dir='ltr'><strong>meritum</strong></span> <span class='ocrx_word' id='word_1_298' title='bbox 723 3926 809 4013; x_wconf 90' lang='lat' dir='ltr'><strong>apud</strong></span> <span class='ocrx_word' id='word_1_299' title='bbox 830 3926 933 3991; x_wconf 89' lang='lat' dir='ltr'><strong>deum.</strong></span> 
     </span>
    </p>
   </div>
   <div class='ocr_carea' id='block_1_8' title="bbox 363 4078 1671 4490">
    <p class='ocr_par' dir='ltr' id='par_1_9' title="bbox 363 4078 1671 4490">
     <span class='ocr_line' id='line_1_38' title="bbox 432 4078 1669 4149; baseline -0.001 -14"><span class='ocrx_word' id='word_1_300' title='bbox 432 4081 514 4136; x_wconf 70' lang='lat' dir='ltr'><strong>Neela</strong></span> <span class='ocrx_word' id='word_1_301' title='bbox 536 4080 597 4135; x_wconf 81' lang='lat' dir='ltr'><strong>dem</strong></span> <span class='ocrx_word' id='word_1_302' title='bbox 618 4082 675 4149; x_wconf 76' lang='lat' dir='ltr'><strong>auf</strong></span> <span class='ocrx_word' id='word_1_303' title='bbox 691 4080 739 4135; x_wconf 84' lang='lat' dir='ltr'><strong>der</strong></span> <span class='ocrx_word' id='word_1_304' title='bbox 762 4079 1075 4136; x_wconf 74' lang='lat' dir='ltr'><strong>Uuioeres&#39;tdtadidls‘otlrek</strong></span> <span class='ocrx_word' id='word_1_305' title='bbox 1098 4096 1133 4134; x_wconf 75' lang='lat' dir='ltr'><strong>eu</strong></span> <span class='ocrx_word' id='word_1_306' title='bbox 1155 4080 1225 4134; x_wconf 63' lang='lat' dir='ltr'><strong>‚Jeruo</strong></span> <span class='ocrx_word' id='word_1_307' title='bbox 1246 4079 1420 4146; x_wconf 76' lang='lat' dir='ltr'><strong>befiadlieheu</strong></span> <span class='ocrx_word' id='word_1_308' title='bbox 1439 4078 1599 4147; x_wconf 54' lang='lat' dir='ltr'><strong>&amp;much</strong></span> <span class='ocrx_word' id='word_1_309' title='bbox 1623 4079 1669 4135; x_wconf 87' lang='lat' dir='ltr'><strong>des</strong></span> 
     </span>
     <span class='ocr_line' id='line_1_39' title="bbox 364 4149 1669 4222; baseline -0.001 -16"><span class='ocrx_word' id='word_1_310' title='bbox 364 4152 389 4206; x_wconf 83' lang='lat' dir='ltr'><strong>S.</strong></span> <span class='ocrx_word' id='word_1_311' title='bbox 407 4153 620 4218; x_wconf 72' lang='lat' dir='ltr'><strong>dolumstitts</strong></span> <span class='ocrx_word' id='word_1_312' title='bbox 640 4151 713 4222; x_wconf 77' lang='lat' dir='ltr'><strong>perir.</strong></span> <span class='ocrx_word' id='word_1_313' title='bbox 731 4152 763 4206; x_wconf 71' lang='lat' dir='ltr'><strong>io</strong></span> <span class='ocrx_word' id='word_1_314' title='bbox 780 4150 1035 4218; x_wconf 79' lang='lat' dir='ltr'><strong>Doce-Fn&#39;edberpe</strong></span> <span class='ocrx_word' id='word_1_315' title='bbox 1052 4151 1180 4206; x_wconf 74' lang='lat' dir='ltr'><strong>Zciteclrr.</strong></span> <span class='ocrx_word' id='word_1_316' title='bbox 1203 4158 1223 4217; x_wconf 78' lang='lat' dir='ltr'><strong>t.</strong></span> <span class='ocrx_word' id='word_1_317' title='bbox 1242 4151 1435 4205; x_wconf 71' lang='lat' dir='ltr'><strong>Kireloesreclst</strong></span> <span class='ocrx_word' id='word_1_318' title='bbox 1455 4155 1496 4204; x_wconf 89' lang='lat'><strong>16.</strong></span> <span class='ocrx_word' id='word_1_319' title='bbox 1514 4149 1568 4205; x_wconf 82' lang='lat' dir='ltr'><strong>Bo.</strong></span> <span class='ocrx_word' id='word_1_320' title='bbox 1591 4149 1669 4205; x_wconf 83' lang='lat' dir='ltr'><strong>Neue</strong></span> 
     </span>
     <span class='ocr_line' id='line_1_40' title="bbox 364 4220 1667 4291; baseline 0.001 -16"><span class='ocrx_word' id='word_1_321' title='bbox 364 4222 445 4290; x_wconf 79' lang='lat' dir='ltr'><strong>Folpe</strong></span> <span class='ocrx_word' id='word_1_322' title='bbox 464 4227 489 4276; x_wconf 88' lang='lat'><strong>1.</strong></span> <span class='ocrx_word' id='word_1_323' title='bbox 508 4221 570 4291; x_wconf 77' lang='lat' dir='ltr'><strong>Bu,</strong></span> <span class='ocrx_word' id='word_1_324' title='bbox 588 4221 616 4278; x_wconf 81' lang='lat' dir='ltr'><strong>S.</strong></span> <span class='ocrx_word' id='word_1_325' title='bbox 636 4226 695 4276; x_wconf 85' lang='lat'><strong><em>113.</em></strong></span> <span class='ocrx_word' id='word_1_326' title='bbox 732 4221 790 4276; x_wconf 83' lang='lat' dir='ltr'><strong>Der</strong></span> <span class='ocrx_word' id='word_1_327' title='bbox 807 4223 897 4276; x_wconf 85' lang='lat' dir='ltr'><strong>Namc</strong></span> <span class='ocrx_word' id='word_1_328' title='bbox 913 4221 959 4275; x_wconf 80' lang='lat' dir='ltr'><strong>dea</strong></span> <span class='ocrx_word' id='word_1_329' title='bbox 977 4221 1154 4289; x_wconf 82' lang='lat' dir='ltr'><strong>Dompropsts</strong></span> <span class='ocrx_word' id='word_1_330' title='bbox 1172 4221 1252 4275; x_wconf 58' lang='lat' dir='ltr'><strong>must</strong></span> <span class='ocrx_word' id='word_1_331' title='bbox 1269 4222 1300 4274; x_wconf 78' lang='lat' dir='ltr'><strong>in</strong></span> <span class='ocrx_word' id='word_1_332' title='bbox 1317 4221 1401 4275; x_wconf 66' lang='lat' dir='ltr'><strong>dcem</strong></span> <span class='ocrx_word' id='word_1_333' title='bbox 1421 4221 1527 4276; x_wconf 84' lang='lat' dir='ltr'><strong>missale</strong></span> <span class='ocrx_word' id='word_1_334' title='bbox 1544 4237 1579 4274; x_wconf 75' lang='lat' dir='ltr'><strong>zu</strong></span> <span class='ocrx_word' id='word_1_335' title='bbox 1596 4220 1667 4276; x_wconf 85' lang='lat' dir='ltr'><strong>Hol-</strong></span> 
     </span>
     <span class='ocr_line' id='line_1_41' title="bbox 363 4290 1671 4362; baseline 0 -16"><span class='ocrx_word' id='word_1_336' title='bbox 363 4293 479 4346; x_wconf 78' lang='lat' dir='ltr'><strong>berstcdt</strong></span> <span class='ocrx_word' id='word_1_337' title='bbox 498 4311 520 4346; x_wconf 85' lang='lat' dir='ltr'><strong>o.</strong></span> <span class='ocrx_word' id='word_1_338' title='bbox 540 4296 581 4345; x_wconf 86' lang='lat'><strong>13.</strong></span> <span class='ocrx_word' id='word_1_339' title='bbox 600 4292 666 4346; x_wconf 79' lang='lat' dir='ltr'><strong>Ju:</strong></span> <span class='ocrx_word' id='word_1_340' title='bbox 687 4293 818 4347; x_wconf 85' lang='lat' dir='ltr'><strong>Iohannes</strong></span> <span class='ocrx_word' id='word_1_341' title='bbox 835 4293 955 4359; x_wconf 86' lang='lat' dir='ltr'><strong>Semeko,</strong></span> <span class='ocrx_word' id='word_1_342' title='bbox 975 4293 1061 4346; x_wconf 90' lang='lat' dir='ltr'><strong>malor</strong></span> <span class='ocrx_word' id='word_1_343' title='bbox 1078 4309 1125 4362; x_wconf 89' lang='lat' dir='ltr'><strong>pre</strong></span> <span class='ocrx_word' id='word_1_344' title='bbox 1160 4309 1179 4344; x_wconf 91' lang='lat' dir='ltr'><strong>s.</strong></span> <span class='ocrx_word' id='word_1_345' title='bbox 1199 4293 1260 4346; x_wconf 88' lang='lat' dir='ltr'><strong>ecel.</strong></span> <span class='ocrx_word' id='word_1_346' title='bbox 1280 4293 1372 4360; x_wconf 73' lang='lat' dir='ltr'><strong>Helle,</strong></span> <span class='ocrx_word' id='word_1_347' title='bbox 1391 4310 1406 4346; x_wconf 89' lang='lat' dir='ltr'><strong>e</strong></span> <span class='ocrx_word' id='word_1_348' title='bbox 1423 4292 1439 4345; x_wconf 92' lang='lat' dir='ltr'><strong>l.</strong></span> <span class='ocrx_word' id='word_1_349' title='bbox 1458 4309 1483 4346; x_wconf 88' lang='lat' dir='ltr'><strong>a.</strong></span> <span class='ocrx_word' id='word_1_350' title='bbox 1502 4309 1528 4344; x_wconf 89' lang='lat' dir='ltr'><strong>c.</strong></span> <span class='ocrx_word' id='word_1_351' title='bbox 1549 4290 1577 4346; x_wconf 89' lang='lat'><strong>0.</strong></span> <span class='ocrx_word' id='word_1_352' title='bbox 1614 4290 1671 4346; x_wconf 81' lang='lat' dir='ltr'><strong>Die</strong></span> 
     </span>
     <span class='ocr_line' id='line_1_42' title="bbox 363 4361 1669 4490; baseline 0.002 -74"><span class='ocrx_word' id='word_1_353' title='bbox 363 4363 492 4490; x_wconf 45' lang='lat' dir='ltr'><strong>Q*</strong></span> <span class='ocrx_word' id='word_1_354' title='bbox 508 4361 603 4417; x_wconf 73' lang='lat' dir='ltr'><strong>welche</strong></span> <span class='ocrx_word' id='word_1_355' title='bbox 619 4363 690 4418; x_wconf 71' lang='lat' dir='ltr'><strong>dim</strong></span> <span class='ocrx_word' id='word_1_356' title='bbox 708 4361 837 4418; x_wconf 74' lang='lat' dir='ltr'><strong>Urlscnde</strong></span> <span class='ocrx_word' id='word_1_357' title='bbox 851 4362 951 4432; x_wconf 75' lang='lat' dir='ltr'><strong>pehdrt,</strong></span> <span class='ocrx_word' id='word_1_358' title='bbox 970 4362 1100 4416; x_wconf 63' lang='lat' dir='ltr'><strong>crociam</strong></span> <span class='ocrx_word' id='word_1_359' title='bbox 1135 4361 1203 4416; x_wconf 74' lang='lat' dir='ltr'><strong>melu</strong></span> <span class='ocrx_word' id='word_1_360' title='bbox 1220 4363 1263 4416; x_wconf 86' lang='lat' dir='ltr'><strong>die</strong></span> <span class='ocrx_word' id='word_1_361' title='bbox 1278 4362 1401 4434; x_wconf 76' lang='lat' dir='ltr'><strong>oorlserpe</strong></span> <span class='ocrx_word' id='word_1_362' title='bbox 1496 4361 1669 4418; x_wconf 72' lang='lat' dir='ltr'><strong>usmccuena</strong></span> 
     </span>
    </p>
   </div>
   <div class='ocr_carea' id='block_1_9' title="bbox 0 0 2234 5167">
    <p class='ocr_par' dir='ltr' id='par_1_10' title="bbox 0 0 2234 5167">
     <span class='ocr_line' id='line_1_43' title="bbox 0 0 2234 5167; baseline 0 3"><span class='ocrx_word' id='word_1_363' title='bbox 0 0 2234 5167; x_wconf 95' lang='lat' dir='ltr'><strong> </strong></span> 
     </span>
    </p>
   </div>
  </div>
 </body>
</html>
